2151 3261
988 254 1243 281 —XXVV

202 352 349 375 cognoscere
367 346 472 375 queatis,
490 350 571 374 uestre
589 346 709 377 augustali
729 345 840 375 potentie,²
859 345 963 374 dirigere
981 344 1128 367 curauivnus.
1145 343 1148 376 Ι
1165 345 1280 368 Preterea
1299 345 1482 368 calabritanum
1503 345 1677 376 patrimonium
1691 346 1867 376 Syculnmque,
1886 354 1934 377 que
1953 351 2034 375 nostr<

202 387 301 416 ecclesie
326 395 441 411 concessa
460 388 559 411 fuerunt
578 392 602 412 et
621 396 657 416 ea,
682 396 729 419 que
752 388 783 411 ad
801 387 951 419 possidenda
965 391 974 415 ΙΙ
987 386 1094 417 optinuit
1113 391 1137 410 et
1155 387 1337 418 disponendum
1357 395 1400 418 per
1418 395 1475 410 suos
1494 387 1627 411 familiares
1647 395 1729 418 regere
1747 388 1850 415 studuit,
1870 389 1958 411 nostris
1976 396 2033 412 con·
2048 397 2073 410 20

201 430 353 453 cessionibus
377 430 518 453 reddantur.
534 432 538 461 Ι
555 431 679 461 Quoniam
705 429 872 453 irrationabile
896 434 940 457 est,
964 432 992 452 ut
1016 429 1178 453 ecclesiastica
1203 430 1336 460 possessio,
1361 430 1427 452 uude
1450 430 1578 452 luminaria
1601 434 1626 453 et
1650 430 1850 453 concinnationes
1869 431 1969 460 ecclesie
1987 431 2035 454 Dei

201 472 255 495 fieri
271 477 274 501 Ι
290 472 390 500 debent,
410 477 504 495 terrena
524 473 655 503 quaminus
673 476 796 503 potestate
809 471 991 499 subtrahantur,
1011 476 1048 494 set
1060 472 1146 494 domui
1159 472 1206 494 Dei
1224 472 1336 494 restituta
1349 472 1464 494 meritum
1478 472 1608 495 redditoris
1626 472 1629 503 Ι
1645 471 1817 503 multiplicent,
1837 477 1861 495 et
1875 474 2036 504 suscipientes

200 519 287 537 uotum
311 514 444 545 spiritualis
470 515 585 538 desiderii
611 515 683 538 lucris
708 519 855 538 exerceatur.
892 514 960 537 Inter
986 515 1032 537 ista
1057 519 1081 536 et
1099 514 1211 544 superius
1227 513 1230 545 Ι
1246 514 1312 537 dicta
1330 513 1453 540 uolumus.
1472 518 1499 537 ut
1517 515 1668 538 consecratio
1687 514 1833 538 Siracusano
1850 514 2035 546 archiepiscopo

201 561 284 579 nostra
309 565 323 580 a
342 557 401 580 sede
420 557 586 588 impendatur,
610 561 637 580 ut
656 557 754 580 traditio
773 556 803 579 ab
817 556 826 587 ΙΙ
839 556 958 587 apostolis
976 556 1089 579 instituta
1106 556 1245 579 nullatenus
1264 556 1352 579 uestris
1372 556 1524 587 temporibus
1542 556 1655 580 uioletur.
1678 570 1706 574 —
1726 556 1859 580 CXXXI.
1876 556 1880 588 Ι
1896 557 1992 580 Verum
2011 563 2036 581 et
2051 565 2074 584 25

201 599 265 622 inter
288 599 374 622 beatos
400 599 535 630 apostolos,
561 599 623 622 sicut
648 603 673 622 et
697 599 763 630 prius
790 602 887 621 sanctus
911 605 975 628 papa
993 597 1071 621 Iulius
1096 602 1120 620 et
1144 602 1230 629 postea
1254 598 1294 621 ille
1318 606 1421 629 magnus
1442 603 1467 621 et
1485 603 1582 622 sanctus
1602 599 1655 622 Leo
1673 599 1789 622 describit
1805 601 1808 628 Ι
1825 599 1856 622 ‘in
1875 599 2036 623 similitudine

201 640 303 664 honon's
327 641 375 664 fuit
399 641 506 672 quedam
533 641 649 664 discretio
673 641 810 672 potestatis.
847 641 881 663 Et
904 648 959 664 cum
986 640 1097 663 omnium
1116 648 1160 671 par
1179 644 1245 663 esset
1263 641 1359 668 electio,
1375 641 1378 672 Ι
1394 641 1436 664 uni
1456 645 1537 664 tamen
1556 642 1640 664 datum
1661 647 1706 668 est,
1730 646 1757 664 ut
1775 642 1861 670 ceteris
1880 642 2035 672 premineret.

200 683 240 707 De
259 691 308 714 qua
326 684 406 707 forma
424 684 595 715 episcoporum
616 691 716 714 quoque
735 688 773 706 est
791 687 843 706 orta
862 683 988 706 distinctio
1007 688 1031 705 et
1050 690 1139 712 magna
1158 682 1321 714 orldinatione
1339 684 1465 714 prouisum
1485 688 1530 711 est,
1549 691 1580 707 ne
1598 691 1684 706 omnes
1703 684 1751 706 sibi
1767 684 1850 707 omnia
1864 684 2034 711 uendicarent;

200 731 237 749 set
263 730 345 749 essent
369 726 394 748 in
418 726 520 756 singulis
544 726 675 757 prouinciis
700 725 797 756 singuli,
822 733 927 756 quorum
941 725 950 756 ΙΙ
963 726 1027 748 inter
1052 725 1139 748 fratres
1164 724 1270 748 habetur
1293 726 1371 756 prima
1393 725 1548 757 sent[ent]ia.
1584 726 1618 749 Et
1637 734 1718 749 rursus
1737 726 1838 757 quidam
1858 727 1881 749 in
1901 726 2034 749 maioribus
2050 730 2074 750 30

199 768 301 791 urbibus
325 768 452 792 constituti
477 767 668 791 sollicitudinem
693 768 745 791 eius
761 766 765 799 Ι
781 768 933 798 susciperent
956 767 1110 798 ampliorem,
1135 774 1176 798 per
1202 775 1264 798 quos
1283 767 1315 790 ad
1333 775 1407 791 unam
1426 768 1494 791 Petri
1517 769 1603 792 sedem
1622 769 1766 792 uniuersalis
1785 769 1885 798 geclesie
1903 777 1960 792 cura
1978 776 2034 792 con-

201 811 288 834 flueret
306 815 330 834 et
349 810 423 834 nichil
442 818 546 841 usquam
565 818 579 833 a
597 818 642 833 suo
658 810 661 841 Ι
677 811 756 841 capite
775 810 920 833 dissideret'.
952 810 1026 840 Quod
1044 810 1064 832 si
1083 809 1183 840 quidam
1205 817 1234 833 ex
1255 810 1326 833 uobis
1339 810 1389 833 ullo
1402 811 1509 833 interiori
1522 810 1768 841 comprehendissent
1782 811 1888 839 obtuitu,
1907 819 2034 842 nunquam

200 852 367 884 Rotharldum
390 853 532 884 episcopum
552 853 708 876 Suessionice
726 853 793 876 urbis
811 853 864 875 sine
881 860 1003 876 consensu
1022 858 1107 875 nostro
1125 852 1285 883 deponerent,
1304 852 1505 883 depredarentur,
1531 857 1555 876 et
1573 853 1597 876 in
1617 854 1715 876 exilium
1734 853 1832 884 pulsum
1849 852 1853 884 Ι
1869 854 2034 877 monasteriali

198 896 309 919 custodia
332 896 508 926 manciparent.
545 896 586 918 Et
609 895 700 918 infra.
735 896 811 926 Quid.
835 903 902 926 rogo,
927 895 959 918 de
983 895 1125 926 presbiteris
1150 899 1174 917 et
1199 894 1231 917 de
1255 895 1376 917 inferioris
1390 895 1399 925 ΙΙ
1411 895 1501 925 gradus
1526 895 1618 918 clericis
1636 901 1755 926 ageretur,
1780 903 1884 926 quor-um
1903 896 1970 927 apud
1988 903 2034 919 nos
2049 900 2072 919 35

199 945 299 968 quoque
317 945 390 961 causa
408 946 422 961 a
441 937 651 961 Chalcedonensis
669 938 765 961 concilii
786 938 882 969 regulis,
906 945 961 960 cum
980 938 1043 960 ratio
1062 937 1145 968 exigit,
1162 935 1166 968 Ι
1182 937 1260 960 audiri
1280 937 1385 963 iubetur,
1407 938 1426 960 si
1445 937 1575 968 episcopos
1595 942 1662 960 tanta
1681 938 1798 961 facilitate
1816 938 1958 969 deponitis?
1993 939 2035 961 Et

198 979 292 1003 infra.
322 981 365 1003 An
383 980 455 1003 sedes
473 981 608 1011 apostolica
626 984 700 1011 caput
718 988 767 1003 non
786 981 840 1004 est?
856 981 859 1011 Ι
876 981 977 1003 Frustra
991 987 1056 1010 ergo,
1075 984 1102 1002 ut
1116 979 1192 1002 multa
1206 984 1352 1010 preteream,
1371 980 1501 1002 concilium
1515 979 1661 1003 Sardicense
1673 980 1705 1003 ad
1719 980 1809 1003 Iulium
1822 987 1912 1010 papam
1925 981 2033 1004 scribens

197 1022 261 1046 inter
284 1026 365 1045 cetera
389 1022 464 1045 dixit:
484 1022 624 1053 ‘Optimum
641 1023 644 1054 Ι
661 1027 685 1046 et
709 1023 782 1046 ualde
801 1023 1050 1053 congruentissimum
1069 1029 1123 1045 esse
1141 1022 1247 1049 uidetur,
1272 1022 1292 1044 si
1311 1022 1343 1045 ad
1361 1026 1442 1052 caput,
1467 1022 1530 1045 idest
1549 1022 1581 1045 ad
1599 1022 1665 1045 beati
1683 1023 1751 1045 Petri
1770 1023 1864 1052 sedem,
1882 1023 1914 1046 de
1932 1022 2034 1053 singulis

196 1064 337 1095 quibusque
352 1063 356 1096 Ι
372 1065 506 1096 prouinciis
525 1065 621 1088 domini
639 1065 746 1089 referant
764 1065 921 1089 sacerdotes'.
952 1066 988 1087 At
1006 1069 1091 1087 contra
1109 1064 1172 1087 adeo
1190 1064 1253 1087 hane
1271 1064 1405 1095 despicitis,
1424 1064 1457 1087 ud
1476 1064 1508 1087 ad
1526 1063 1604 1095 ea[m]
1625 1064 1685 1087 nihil
1703 1064 1735 1087 de
1750 1065 1885 1088 maioribus
1901 1065 1904 1095 Ι
1921 1064 2033 1096 [ecclesie

199 1107 304 1137 negotiis
323 1107 413 1130 referre
432 1108 528 1131 curetis.
566 1108 599 1130 Et
621 1112 708 1131 cetera.

347 1215 410 1257 36.
445 1219 535 1247 Palat.
557 1227 621 1255 199,
645 1220 769 1256 scriptus
792 1220 821 1246 in
845 1220 960 1247 civitate
983 1224 1033 1247 aut
1055 1219 1084 1246 in
1104 1219 1233 1247 dioecesi
1258 1219 1470 1256 Rotomagensi
1493 1219 1593 1256 paullo
1615 1224 1683 1255 pots
1699 1228 1745 1246 an.
1767 1227 1853 1247 1110.
1892 1219 2033 1247 Continet

196 1270 222 1298 S.
240 1271 396 1307 Augustini
419 1271 445 1298 ll.
472 1278 507 1298 22
533 1271 572 1298 de
588 1270 714 1298 Civitate
730 1270 796 1304 Dei,
821 1271 927 1307 quibus
951 1271 981 1297 in
1004 1271 1075 1298 folio
1092 1278 1131 1306 94
1156 1278 1192 1297 ex
1215 1275 1299 1306 parte
1316 1279 1418 1303 vacuo,
1441 1270 1565 1298 saeculis
1582 1268 1735 1308 XHJJ'XIV
1752 1271 1876 1298 insertus
1893 1275 1937 1298 est
1951 1275 2031 1299 cata-

196 1321 279 1358 logus
309 1322 446 1349 metricus
475 1322 684 1358 episcoporum
709 1322 975 1358 Rotomagensium
1006 1320 1043 1357 (v.
1068 1321 1100 1348 E.
1125 1321 1155 1348 P.
1179 1321 1336 1349 SAUVAGE
1366 1321 1395 1348 in
1424 1321 1570 1349 Analecta
1594 1321 1790 1349 Bollandiana
1813 1321 1891 1349 vm
1916 1321 2031 1359 (1880),

195 1381 252 1407 411
273 1381 310 1400 ss.
334 1380 410 1407 4243
439 1372 580 1400 DELISLE
611 1373 640 1400 in
672 1373 804 1401 Histoire
834 1373 971 1400 litteraire
1002 1373 1040 1400 de
1064 1372 1177 1400 France
1200 1372 1310 1399 XXIX
1333 1371 1450 1408 (1885),
1474 1372 1550 1406 416;
1582 1371 1742 1400 Ordericus
1765 1372 1875 1406 Vitalis,
1901 1373 2032 1400 Historia

197 1423 393 1450 ecclesiastica
424 1423 440 1450 1.
466 1431 492 1458 5,
522 1432 545 1451 c.
569 1431 588 1459 9
619 1424 665 1451 ed.
698 1424 731 1450 A.
763 1423 806 1450 LE
831 1423 979 1450 PREVOST
1011 1423 1040 1450 in
1072 1423 1136 1451 Soc.
1168 1424 1207 1450 de
1237 1423 1321 1451 l'hist.
1352 1424 1391 1450 de
1418 1423 1532 1451 France
1563 1423 1602 1456 ΙΙ,
1627 1422 1814 1459 335—376).
1860 1423 2032 1451 Postremae

194 1478 293 1510 partes
323 1473 466 1510 paulatim
496 1474 572 1501 aliae
602 1475 639 1501 ab
672 1474 735 1501 aliis
767 1474 888 1502 librariis
918 1474 1078 1502 adiunctae
1108 1479 1183 1501 sunt.
1238 1474 1421 1502 Exhibemus
1452 1474 1499 1501 hic
1528 1474 1558 1501 in
1590 1474 1636 1501 fol.
1661 1478 1717 1509 (Ην
1738 1479 1920 1511 postremam
1946 1474 2032 1503 huius

194 1525 318 1561 catalogi
342 1529 465 1561 partem,
489 1534 514 1552 v.
537 1525 567 1552 in
591 1525 636 1552 ed.
662 1524 809 1552 PREvosr
831 1525 847 1551 l.
872 1534 895 1552 c.
913 1533 960 1561 pp.
979 1532 1040 1560 340
1056 1534 1091 1552 ss.
1117 1525 1175 1560 367
1193 1534 1229 1553 ss.
1318 1524 1375 1561 361
1398 1528 1429 1560 ><
1449 1524 1509 1552 260
1525 1534 1603 1558 mm,
1627 1525 1656 1552 ff.
1675 1524 1743 1552 262.
1827 1530 1852 1565 ἽΙ
1873 1533 2032 1563 22.1nsignis

194 1574 289 1605 Grippo
313 1574 430 1598 successit
457 1574 482 1597 in
500 1574 586 1598 ordine
604 1573 709 1605 sancto,]
728 1574 836 1598 Actibus
856 1574 966 1605 egregius
985 1574 1078 1597 meritis
1096 1579 1183 1605 pastor
1200 1575 1363 1598 uenerandus.
1381 1573 1384 1607 Ι
1403 1581 1441 1605 23.
1461 1575 1544 1598 Iustus
1562 1580 1587 1597 et
1606 1575 1707 1605 insignis
1726 1575 1885 1598 Ranilandus
1903 1575 1928 1598 in
1946 1575 2032 1599 ordine

193 1617 270 1645 fquit‚
287 1617 290 1649 Ι
307 1617 470 1648 Compaciens
495 1617 588 1641 cunctis
612 1617 757 1648 meritisque
780 1617 885 1640 refertus
909 1617 1007 1648 opimis.
1024 1616 1027 1647 Ι
1046 1623 1084 1647 ²4·
1103 1617 1200 1640 Prefuit
1223 1617 1248 1640 in
1269 1617 1363 1648 populo
1382 1617 1485 1640 Domini
1503 1617 1652 1640 uenerabilis
1671 1618 1756 1647 Hugo,
1770 1618 1778 1648 ΙΙ
1792 1618 1826 1640 Et
1845 1617 1931 1641 tribuit
1948 1622 2032 1641 sancte
2059 1624 2070 1641 5

192 1659 309 1683 subiectis
327 1660 443 1691 dogmata
462 1660 520 1683 uite.
537 1659 541 1691 Ι
559 1666 597 1691 25.
616 1660 708 1683 Sedem
728 1660 858 1683 Robertus
876 1660 950 1690 digne
968 1660 1073 1690 pastoris
1092 1659 1204 1690 adeptus,
1221 1658 1225 1691 Ι
1242 1659 1345 1682 Viribus
1364 1659 1452 1682 enituit
1470 1659 1569 1687 sanctis,
1588 1660 1651 1682 iuste
1669 1667 1770 1690 quoque
1782 1660 1852 1682 uixit.
1869 1659 1872 1692 Ι
1890 1659 1929 1683 26.
1944 1660 2031 1683 Grimo

193 1702 299 1726 deuotus
317 1707 409 1733 pastor,
427 1703 490 1733 piuS,
510 1702 607 1726 inclitus
625 1707 690 1731 actu,
706 1703 709 1733 Ι
726 1702 835 1733 Suscipit
854 1702 981 1725 ecclesiam
1000 1702 1086 1727 diuino
1100 1702 1151 1725 iure
1170 1702 1309 1732 regendam.
1324 1702 1333 1733 ΙΙ
1348 1707 1386 1730 27.
1401 1702 1516 1725 Culmine
1529 1702 1634 1732 pastoris
1649 1702 1722 1725 nituit
1736 1702 1884 1725 Rainfridus
1898 1703 1922 1725 in
1935 1702 2011 1729 omni,
2026 1702 2028 1733 Ι
2047 1709 2070 1721 10

192 1745 261 1768 Actu
285 1744 431 1775 magnificus
457 1749 609 1768 constructor
626 1745 794 1776 pontificatus.
811 1745 814 1776 Ι
832 1762 837 1768 .
852 1763 857 1768 .
871 1763 876 1768 .
894 1744 896 1776 Ι
914 1750 953 1775 47.
973 1744 1102 1768 Catholico
1120 1751 1188 1767 more
1207 1744 1342 1767 Gaufridus
1360 1745 1459 1767 functus
1479 1743 1582 1772 honore,
1598 1744 1602 1775 Ι
1618 1744 1730 1767 Ecclesie
1748 1744 1827 1767 multa
1845 1745 1910 1768 bona
1928 1745 2032 1768 contulit

192 1787 259 1810 intus
281 1791 306 1810 et
329 1791 407 1811 extra.
427 1788 436 1816 ΙΙ
455 1787 495 1817 48.
514 1787 583 1810 Huic
606 1787 725 1811 suecessit
748 1794 818 1810 amor
838 1787 918 1818 plebis
944 1791 1036 1810 tremor
1054 1787 1131 1818 Hugo
1154 1790 1294 1817 potentum,
1311 1787 1314 1817 Ι
1331 1786 1418 1810 Clams
1437 1787 1498 1815 auis,
1523 1786 1601 1810 clarus
1620 1787 1717 1815 studiis,
1742 1791 1863 1810 recreator
1881 1791 2004 1818 egentum.
2026 1787 2028 1818 Ι
2047 1793 2070 1806 10

193 1835 233 1859 49.
252 1829 339 1852 Presul
358 1829 497 1853 Rotroldus
521 1830 633 1861 sequitur
655 1834 753 1853 sanctos
771 1830 871 1860 pietate,
888 1829 892 1861 Ι
908 1829 1054 1860 Prefulgens
1072 1831 1168 1860 generis
1187 1834 1211 1853 et
1229 1830 1320 1853 nobilis
1339 1830 1476 1853 nobilitate.
1493 1829 1496 1861 Ι
1514 1836 1552 1860 50.
1574 1830 1649 1853 Hunc
1666 1830 1777 1861 sequitur
1794 1830 1883 1861 dignus
1902 1830 2031 1854 XValterus

193 1871 543 1903 Liucoliensi‚11Rothomagi
566 1880 678 1896 summus
703 1872 783 1896 factus
807 1872 838 1895 de
862 1872 959 1903 presule
984 1872 1074 1903 presul.
1092 1872 1095 1902 Ι
1112 1878 1151 1903 51.
1171 1872 1301 1896 Robertus
1325 1872 1407 1903 presul
1431 1876 1515 1895 noster
1539 1873 1686 1903 cognomine
1704 1872 1799 1901 Pullus,
1819 1872 2004 1901 (1208—1221)
2025 1872 2028 1904 Ι
2046 1879 2069 1897 15

192 1914 302 1938 Soluitur
320 1914 377 1938 hinc
394 1922 452 1938 uere
470 1915 613 1938 subeundus
632 1923 721 1946 pascua
738 1915 798 1938 uite.
815 1915 818 1946 Ι
835 1920 874 1946 52.
888 1915 988 1938 Iusticie
1001 1915 1068 1938 vexit
1081 1915 1197 1938 vexillum
1211 1915 1293 1946 presul
1306 1919 1330 1938 et
1343 1922 1435 1942 ensem,
1452 1915 1455 1945 Ι
1472 1915 1609 1938 Mauricius
1623 1916 1808 1945 (1231—1235)
1821 1919 1892 1946 pater
1904 1915 2030 1945 eggregius

192 1956 312 1987 populum
331 1957 394 1980 bene
413 1957 477 1980 rexit
489 1957 498 1989 ΙΙ
511 1957 640 1988 Propicius
659 1957 707 1981 fuit
724 1961 800 1988 atque
818 1958 874 1988 pius
893 1958 946 1980 sine
964 1958 1066 1980 crimine
1083 1957 1151 1980 vixit.
1169 1957 1172 1988 Ι
1190 1963 1228 1988 53.
1249 1958 1339 1980 Mortis
1358 1957 1390 1980 de
1408 1957 1475 1980 nodo
1493 1957 1632 1980 denodatus
1651 1962 1722 1988 pater
1734 1957 1792 1981 Odo
1811 1957 2006 1988 (1248—1275)‚
2025 1956 2027 1988 Ι
2045 1963 2069 1976 ²0

192 1999 294 2030 Regnat
311 2007 367 2022 cum
386 1999 494 2027 Christo,
518 2000 612 2023 mondo
630 2000 739 2031 priuatus
758 2000 789 2023 ab
807 2001 862 2023 isto.
880 2000 883 2031 Ι
900 2006 939 2031 54.
959 2000 1088 2023 Virtutum
1108 2007 1201 2028 norma,
1225 2007 1322 2023 morum
1340 1999 1516 2030 persplendida
1535 1999 1628 2027 forma;
1648 2000 1711 2022 linea
1729 2000 1830 2027 iustitie,
1849 2000 1928 2030 patrie
1946 2000 2029 2028 decus,

191 2040 264 2064 archa
288 2041 383 2072 sophie,
400 2041 403 2074 Ι
420 2042 543 2073 Splendor
566 2043 591 2065 in
615 2043 729 2073 expensis
751 2042 898 2066 Guillelmus
918 2042 1112 2073 (1278j1306),
1133 2042 1215 2073 presul
1234 2041 1460 2073 Rothomagensis;
1480 2042 1520 2065 hic
1538 2042 1609 2069 iacet,
1627 2049 1682 2065 arca
1700 2050 1760 2065 caua
1778 2042 1844 2073 capit
1862 2041 1935 2069 hunc,
1954 2049 2028 2073 quem

190 2084 256 2107 curia
274 2084 340 2107 flaua
359 2084 434 2114 (Guil.
453 2085 484 2108 de
500 2085 521 2107 F
524 2084 664 2114 lavacoust),
678 2085 687 2117 ΙΙ
700 2085 817 2113 Protulit,
835 2090 944 2108 eternam
963 2085 1073 2116 requiem
1092 2084 1247 2116 patriamque
1265 2092 1411 2115 supernam;
1431 2085 1482 2108 Det
1494 2085 1564 2107 Deus
1582 2084 1639 2107 huic
1656 2084 1732 2108 hodie
1750 2085 1845 2107 meritis
1865 2085 2028 2115 precibusque
2044 2090 2067 2109 ²5

191 2126 278 2149 Max-ie.
295 2125 298 2158 Ι
315 2140 346 2143 -
365 2127 457 2151 Postea
475 2127 615 2151 Bernardus
634 2128 674 2156 (de
691 2128 786 2159 Fargis,
809 2127 889 2158 1306).
926 2128 1025 2151 Deinde
1043 2128 1147 2158 Egidius
1167 2126 1362 2157 (1311—1318).
1398 2128 1462 2150 Item
1482 2126 1630 2150 Guillelmus
1649 2128 1843 2157 (¹3¹9-1330)·

342 2242 405 2277 37.
440 2239 531 2267 Palat.
554 2247 604 2275 49,
635 2239 705 2267 011111
736 2240 861 2268 fortasse
888 2239 1030 2268 ecclesiae
1055 2239 1081 2267 S.
1106 2239 1209 2267 Iacobi
1233 2239 1468 2276 Bambergensis,
1491 2238 1615 2275 scriptus
1638 2243 1682 2266 est
1704 2247 1751 2266 an.
1780 2246 1854 2274 1131
1882 2243 1911 2266 et
1939 2246 2025 2274 1132.

192 2288 227 2316 In
250 2289 320 2316 folio
344 2289 423 2317 enim
447 2290 543 2326 primo
562 2290 792 2327 Evangelistarii,
816 2290 899 2326 quod
923 2291 1063 2323 continet,
1087 2290 1254 2326 conscripta
1277 2294 1345 2317 sunt
1368 2290 1409 2322 iis,
1433 2298 1508 2325 quos
1531 2289 1669 2322 diximus,
1692 2289 1785 2322 annis,
1809 2289 1911 2326 procul
1935 2290 2027 2316 dubio

192 2339 384 2377 Bambergae,
414 2349 432 2368 a
463 2341 580 2369 duobus
610 2341 731 2369 librariis
762 2341 843 2368 dona
875 2341 1024 2378 quaedam
1055 2340 1154 2368 oblata
1185 2341 1327 2369 ecclesiae
1357 2341 1383 2368 S.
1408 2341 1518 2374 Iacobi,
1550 2349 1641 2377 quam
1671 2341 1770 2377 paullo
1801 2345 1872 2368 ante
1895 2341 1922 2368 S.
1947 2340 2027 2374 Otto,

191 2390 418 2427 Bambergensis
448 2391 606 2428 episcopus
635 2392 808 2420 restituerat.
854 2392 959 2420 Habes
991 2392 1069 2420 hanc
1099 2392 1247 2419 donorum
1278 2392 1482 2419 recensionem
1512 2391 1589 2428 typis
1621 2392 1731 2419 editam
1754 2392 1785 2418 in
1807 2391 2025 2425 SCHWEITZER,

191 2440 253 2469 Das
291 2441 552 2479 Grundungsbuch
593 2443 646 2470 des
684 2442 923 2480 Collegiatstiftes
960 2443 999 2470 St.
1030 2443 1124 2480 Jacob
1162 2443 1192 2470 in
1237 2450 1283 2470 21.
1319 2442 1437 2470 Bericht
1477 2443 1531 2470 des
1571 2442 1765 2470 historischen
1803 2442 1928 2470 Vereins
1966 2451 2025 2470 von

190 2491 346 2529 Bamberg,
376 2501 403 2529 p.
432 2501 467 2527 14
483 2502 519 2521 ss.
571 2493 616 2521 Cf.
636 2493 661 2530 J.
686 2493 851 2527 LOSHORN,
882 2493 1062 2522 Geschichte
1092 2494 1145 2521 des
1176 2494 1326 2521 Bisthums
1358 2493 1511 2530 Bamberg.
1546 2493 1709 2526 Munchen,
1741 2493 1770 2520 ΙΙ
1799 2492 1915 2530 (1888),
1947 2492 1987 2520 60
2002 2502 2024 2521 s.

190 2550 250 2578 315
268 2545 301 2578 ><
319 2550 377 2579 237
402 2552 480 2577 mm.‚
503 2544 532 2571 ff.
560 2551 625 2580 147.
711 2581 716 2586 .
734 2549 759 2583 ἽῘ
784 2551 854 2575 Laici
880 2550 992 2579 Rodolf.
1018 2551 1121 2580 VVeceh
1145 2551 1295 2583 Ermperht‚
1320 2552 1434 2580 Tiemar,
1460 2551 1589 2575 Friderich
1618 2556 1687 2582 pater
1713 2551 1824 2575 eiusdem
1853 2551 2000 2582 Engilberti.
2021 2557 2023 2581 Ι

189 2593 255 2614 Acta
281 2596 339 2615 sunt
365 2592 411 2621 hec
436 2600 502 2616 anno
528 2593 632 2616 Domini
653 2593 819 2621 MCXXXI,
849 2594 984 2618 indictione
1005 2594 1094 2622 VIIII,
1124 2594 1195 2617 nonis
1222 2594 1291 2621 iunii,
1322 2594 1381 2617 feria
1406 2594 1455 2621 VI,
1485 2594 1530 2617 sub
1566 2594 1683 2625 episcopo
1707 2593 1711 2626 Ι
1735 2594 1829 2617 Ottone
1848 2598 1872 2617 et
1899 2594 2026 2625 preposito

190 2633 342 2658 Eberhardo.
360 2635 412 2666 Ι-
436 2636 532 2658 Notum
560 2636 592 2659 sit
619 2636 734 2659 omnibus
761 2635 852 2659 Christi
880 2636 1007 2665 fidelibus,
1034 2637 1102 2667 quod
1129 2636 1255 2667 Hiltegart
1281 2637 1312 2660 de
1337 2636 1486 2660 Erhenbach
1509 2636 1634 2667 delegauit
1657 2635 1781 2667 propi-lam
1795 2636 1804 2667 ΙΙ
1817 2636 1930 2660 ancillam
1955 2644 2024 2660 suam
2053 2643 2064 2661 5

188 2675 358 2700 Adalhaidam
382 2677 459 2701 filiam
478 2677 636 2701 Waltmanni
659 2679 691 2701 ad
715 2678 792 2702 altare
815 2679 893 2702 saneti
910 2679 995 2702 Iacobi
1012 2679 1015 2710 Ι
1032 2680 1084 2702 ῘΠῘ
1103 2687 1180 2702 nonas
1198 2679 1304 2709 augusti,
1327 2686 1393 2702 anno
1412 2679 1515 2702 Domini
1534 2678 1700 2706 MCXXXI,
1718 2679 1853 2702 indictione
1872 2679 1960 2706 VIIII,
1978 2679 2025 2702 sub

189 2719 307 2750 episeopo
325 2719 428 2748 ottone,
445 2720 448 2751 Ι
465 2720 591 2751 preposito
609 2720 766 2748 Eberhardo;
785 2721 854 2744 cuius
872 2721 908 2744 rei
926 2725 1001 2745 testes
1020 2726 1078 2744 sunt
1095 2722 1205 2745 canonici
1223 2722 1362 2753 prepositus
1382 2721 1541 2745 Eberhardus
1557 2723 1560 2753 Ι
1578 2721 1662 2752 Regfl,
1681 2721 1772 2750 Beceli,
1791 2722 1903 2750 Heinric,
1922 2722 2025 2750 Heirno,

188 2761 290 2789 Berker,
320 2762 421 2786 K6nrat
445 2762 647 2794 Ratisponensss,
669 2763 673 2794 Ι
694 2763 750 2786 laici
774 2761 881 2791 Rodolf,
906 2764 1003 2792 Wecel,
1033 2764 1123 2795 Poppo
1154 2764 1228 2788 frater
1257 2764 1420 2795 Hildegarde,
1446 2764 1576 2788 KValtman
1604 2768 1673 2795 pater
1700 2764 1789 2795 puelle,
1815 2764 1824 2795 ΙΙ
1847 2763 1966 2788 Diethere
1993 2765 2025 2788 de
2041 2769 2063 2782 10

1822 2814 1836 2837 4
