2160 3251
950 218 1161 246 -νῙβ

129 312 246 342 litteris
268 312 508 352 explicatisque
531 313 737 352 compendiis
759 313 1061 347 transcriberemus,
1088 312 1246 342 limitibus
1269 313 1362 352 spatii
1387 313 1584 343 enarrationi
1609 315 1796 344 tabularum
1820 316 1966 345 concessi

130 364 278 403 impediti
309 373 431 394 sumus.
477 363 594 403 Itaque
617 364 746 394 omissis
769 363 888 393 tabulis
910 362 1116 393 facilioribus
1139 372 1195 393 eas
1217 368 1346 393 tantum
1371 364 1636 403 transcripsimus
1658 370 1714 394 aut
1737 370 1824 395 totas
1847 370 1903 395 aut
1925 375 1968 396 ex

129 420 232 454 parte,
263 424 349 454 quae
372 413 575 444 difficiliores
597 415 789 445 viderentur
812 414 864 444 vel
888 424 1027 453 quarum
1052 414 1213 444 editiones
1236 419 1345 444 essent
1369 414 1516 445 rariores.
1562 415 1692 445 Deinde
1715 416 1969 456 transcriptione

131 475 196 495 non
227 465 348 495 criticis
376 466 435 495 sed
467 465 642 495 iuvenibus
674 465 804 495 tabulas
834 465 984 495 exercitii
1015 474 1115 494 causa
1143 464 1334 504 legentibus
1364 466 1488 495 servire
1518 466 1691 501 voluimus,
1721 467 1869 497 maxime
1892 476 1966 497 curn

129 522 285 556 superata
313 517 420 556 prima
450 517 687 555 interpretandi
718 517 843 547 litteras
873 515 1069 546 difficultate
1099 516 1251 555 legentes
1274 517 1306 545 in
1330 516 1507 555 propositis
1529 517 1576 546 eis
1599 516 1789 556 archetypis
1811 518 1970 558 cuiusque

129 568 312 607 scripturae
334 568 553 607 proprietates
575 567 840 607 subtilitatesque
864 568 974 597 utilius
996 577 1056 606 per
1078 576 1114 597 se
1136 568 1226 606 ipsos
1247 567 1491 597 scrutabuntur.
1537 567 1574 597 In
1599 566 1842 598 difficilioribus
1857 573 1968 598 tamen

129 616 266 654 tabulis,
300 628 366 658 quo
399 619 528 658 planior
559 619 812 658 distinctiorque
841 619 1053 658 transcriptio
1084 619 1248 654 evaderet,
1282 618 1444 649 linearum
1476 619 1743 649 distributionem
1774 619 1971 649 transversis

129 670 351 700 indicavimus
372 670 509 700 lineolis.

282 720 435 751 Ceterum
465 722 562 751 liceat
592 722 703 757 nobis,
738 722 929 761 priusquam
962 722 1213 757 concludamus,
1247 732 1333 761 quae
1363 722 1405 752 de
1434 722 1551 752 studiis
1580 721 1867 761 palaeographicis
1897 730 1971 760 pro-

128 772 289 802 vehendis
311 773 479 808 sentimus,
503 773 648 803 breviter
671 774 878 813 candideque
900 774 1036 813 aperire.

281 823 463 854 Plurimum
494 823 666 864 hucusque
689 829 721 854 ct
745 830 931 864 opportune
953 825 1211 859 tractationibus,
1234 825 1355 864 quibus
1377 825 1490 855 omnia
1509 825 1691 864 scripturae
1706 824 1830 854 latinae
1845 833 1971 864 genera

127 875 242 913 paucis
272 875 383 904 verbis
414 875 667 914 explicarentur,
697 875 903 905 elaboratum
935 881 985 906 est
1015 881 1115 915 atque
1145 876 1208 906 hoc
1239 877 1441 915 praestitum,
1473 881 1508 905 ut
1531 885 1570 906 ea
1592 875 1702 905 studia
1724 875 1822 905 latius
1844 876 1876 905 in
1901 875 1972 905 dies

127 926 381 966 divulgarentur
404 931 437 955 et
460 926 612 956 diversae
634 926 816 956 litterarum
832 925 960 956 formae
975 936 1014 956 ac
1030 925 1313 966 configurationes
1328 926 1463 957 uberius
1479 927 1722 966 colligerentur.
1767 925 1854 966 Quin
1871 927 1970 956 etiarn

127 976 312 1016 aliquarum
327 977 519 1013 litterarum,
542 982 578 1007 ut
594 978 792 1016 capitalium,
816 977 1003 1013 uncialium,
1026 977 1319 1017 Visigot'tiicorum,
1342 978 1525 1017 specimina
1541 977 1637 1008 nobis
1653 978 1785 1017 copiose
1803 982 1879 1008 sunt
1894 986 1970 1016 sup-

126 1028 281 1067 peditata.
326 1028 550 1058 Nihilominus
573 1038 659 1068 quae
681 1028 799 1058 horum
816 1029 1001 1059 studiorum
1017 1034 1066 1058 est
1081 1038 1238 1068 praesens
1254 1029 1413 1064 condicio,
1436 1038 1553 1068 parum
1570 1027 1783 1069 proficiemus
1802 1032 1834 1058 et
1850 1028 1972 1058 diutius

127 1089 226 1119 quam
257 1089 318 1118 par
347 1085 397 1109 est
420 1084 559 1109 tractata
582 1080 842 1115 retractabimus,
867 1080 929 1109 nisi
952 1080 1055 1119 longe
1077 1080 1203 1109 maiore
1226 1085 1347 1109 conatu
1370 1080 1536 1119 quaedam
1559 1084 1636 1119 apte
1656 1080 1779 1110 selecta
1802 1079 1972 1109 doetrinae

126 1131 426 1170 palaeographicae
449 1132 566 1170 capita,
589 1141 656 1161 non
676 1131 783 1161 obiter
799 1136 831 1160 et
846 1131 974 1170 raptim,
997 1131 1057 1160 sed
1072 1131 1170 1170 plene
1186 1141 1224 1161 ac
1241 1136 1330 1160 certa
1346 1131 1399 1160 via
1416 1136 1447 1160 et
1462 1131 1590 1161 ratione
1605 1131 1798 1161 enodentur.
1842 1129 1973 1170 Quibus

126 1192 170 1212 ex
200 1182 364 1222 capitibus
393 1182 455 1212 tria
485 1188 613 1212 tantum
645 1183 790 1221 exempli
821 1192 920 1212 causa
944 1182 1295 1212 commemorabimus:
1331 1182 1355 1219 1)
1379 1182 1501 1212 indicia
1523 1182 1585 1212 rite
1606 1181 1833 1212 aestimandae
1855 1182 1973 1212 aetatis

125 1233 308 1272 scripturae
331 1233 481 1272 capitalis
503 1238 536 1263 et
559 1233 698 1264 uncialis
720 1238 797 1263 sunt
820 1234 1059 1264 constituenda.
1103 1233 1220 1273 Atque
1242 1233 1324 1263 haec
1347 1243 1428 1263 sane
1447 1234 1609 1273 imprimis
1624 1243 1643 1264 e
1659 1233 1836 1268 codicibus,
1859 1232 1972 1262 inscri-

124 1285 302 1324 ptionibus,
333 1284 469 1324 papyris
498 1285 569 1315 sive
592 1285 713 1315 chartis
736 1285 908 1315 eliciantur
931 1290 1068 1324 oportet,
1099 1294 1241 1324 quorum
1265 1290 1390 1315 aetates
1413 1295 1456 1315 ex
1478 1285 1638 1315 librorum
1662 1285 1799 1320 vicibus,
1829 1284 1972 1314 subscri-

125 1336 301 1375 ptionibus,
324 1340 512 1374 temporum
530 1336 615 1366 notis
631 1336 768 1376 aliisque
784 1336 817 1365 id
838 1345 946 1375 genus
961 1336 1144 1366 rationibus
1159 1335 1356 1366 manifestae
1371 1336 1445 1366 sint.
1489 1335 1636 1366 Normae
1651 1336 1739 1366 enim
1756 1345 1774 1365 e
1789 1335 1971 1366 litterarum

124 1385 241 1417 formis
271 1387 448 1422 derivatae,
477 1388 520 1417 ad
553 1397 636 1427 quas
665 1387 707 1417 de
730 1388 859 1417 illorum
884 1388 1036 1417 codicum
1060 1392 1167 1417 aetate
1190 1387 1327 1417 iudicari
1351 1387 1442 1422 solet,
1473 1397 1513 1417 ea
1535 1397 1601 1427 qua
1624 1387 1695 1417 dixi
1717 1387 1852 1423 ratione,
1883 1387 1973 1426 quod

124 1439 276 1475 sciamus,
300 1439 393 1470 nilibi
416 1445 492 1470 sunt
516 1439 722 1469 constitutae.
768 1438 880 1478 Quare
902 1439 935 1468 in
958 1438 1010 1468 his
1032 1439 1300 1478 inquisitionibus
1321 1438 1460 1478 regulae
1483 1438 1574 1478 ipsae
1597 1448 1635 1468 ac
1659 1447 1804 1474 normae,
1827 1438 1870 1468 ad
1889 1447 1973 1478 quas

125 1499 177 1519 res
206 1490 307 1520 hodie
330 1491 485 1530 exigitur,
517 1491 664 1520 incertae
686 1495 762 1520 sunt
786 1496 817 1520 et
840 1489 981 1520 fortasse
1003 1489 1147 1520 fallaces.
1192 1490 1309 1530 Itaque
1330 1490 1416 1525 libri,
1446 1490 1538 1525 tituli,
1569 1490 1686 1529 papyri
1711 1490 1790 1520 certi
1813 1489 1973 1528 temporis

124 1541 254 1581 plenius
284 1542 521 1582 conquirantur
551 1551 734 1581 eorumque
763 1541 973 1581 proferantur
999 1542 1195 1581 specimina;
1227 1542 1349 1572 deinde
1371 1541 1577 1577 tentandum,
1607 1546 1643 1571 ut
1667 1551 1710 1571 ex
1733 1541 1812 1580 ipsis
1834 1540 1972 1580 regulae

123 1593 196 1622 sive
225 1593 348 1623 indicia
378 1593 558 1624 eliciantur.
589 1609 625 1613 —
665 1593 693 1626 2)
724 1593 901 1623 Praeterea
930 1594 1066 1623 tandem
1097 1593 1282 1623 dirimenda
1310 1593 1443 1623 videtur
1472 1593 1698 1622 controversia
1721 1593 1763 1622 de
1786 1592 1917 1631 origine
1939 1596 1972 1622 et

124 1649 233 1674 aetate
262 1645 443 1684 scripturae
465 1645 671 1674 minusculae
694 1650 726 1674 et
750 1643 932 1680 Carohnae,
962 1645 1053 1684 quod
1074 1644 1225 1684 profecto
1248 1643 1321 1674 fieri
1344 1645 1466 1684 nequit,
1489 1644 1625 1683 prolatis
1647 1643 1762 1683 paucis
1783 1648 1913 1673 tantum
1937 1647 1971 1672 et

123 1694 260 1725 forsitan
284 1696 510 1735 praeiudicata
533 1696 688 1735 opinione
708 1696 839 1726 selectis
854 1696 1098 1735 speciminibus.
1137 1695 1381 1736 Conquirantur
1403 1696 1505 1735 igitur
1527 1695 1656 1735 plenius
1671 1700 1892 1734 accurateque
1906 1694 1971 1724 sin-

124 1746 279 1786 gularum
310 1748 488 1787 regionum
512 1748 643 1777 codices
666 1757 790 1783 omnes,
821 1747 877 1787 qui
899 1747 976 1777 huic
999 1748 1184 1787 quaestioni
1207 1747 1334 1787 aliquid
1354 1747 1438 1777 lucis
1460 1745 1582 1776 afferre
1605 1746 1732 1786 possint
1755 1750 1788 1776 et
1810 1745 1905 1785 larga
1927 1755 1971 1775 ex

123 1799 204 1837 ipsis
232 1798 430 1828 selectorum
462 1798 692 1838 exemplorum
724 1799 821 1838 copia
849 1799 936 1829 iusto
966 1799 1207 1838 comprehensa
1237 1798 1408 1829 volumine
1437 1802 1650 1837 proponatur,
1681 1802 1718 1827 ut
1741 1797 1880 1826 materia
1902 1800 1972 1826 tota

123 1849 288 1879 subtiliter
317 1850 517 1889 penitusque
546 1849 711 1879 enucleari
738 1851 850 1889 possit.
876 1867 910 1869 —
939 1849 967 1888 3)
991 1849 1120 1880 Eadem
1143 1850 1271 1880 ratione
1293 1850 1477 1889 scripturae
1499 1849 1744 1883 semicursivae,
1774 1849 1841 1878 imo
1863 1848 1971 1878 minu-

123 1901 235 1930 sculae
265 1901 459 1940 antiquioris
486 1901 660 1931 universae
683 1906 715 1931 et
737 1901 945 1941 singularum
976 1902 1192 1932 nationalium
1223 1902 1319 1941 origo
1349 1906 1382 1931 et
1408 1901 1553 1931 varietas
1575 1905 1625 1930 est
1648 1900 1850 1936 illustranda,
1880 1899 1971 1939 quod

123 1951 272 1982 similiter
294 1957 374 1982 tunc
397 1952 532 1982 demum
556 1953 677 1992 poterit
699 1953 868 1992 praestari,
892 1963 967 1983 cum
990 1953 1129 1983 totidem
1152 1953 1378 1983 voluminibus
1400 1953 1499 1982 unius
1522 1953 1681 1992 cuiusque
1700 1952 1883 1990 scripturae
1897 1959 1971 1990 spe-

123 2003 247 2033 cimina
270 2013 310 2033 eo
333 2013 399 2043 quo
423 2003 493 2033 dixi
516 2004 616 2033 modo
639 2004 789 2043 undique
812 2005 950 2034 collecta
972 2003 1151 2034 sufficienti
1175 2004 1271 2043 copia
1294 2004 1390 2034 nobis
1412 2009 1545 2042 praesto
1568 2004 1641 2034 sint.

277 2054 395 2094 Itaque
425 2055 457 2084 in
487 2055 539 2085 his
568 2055 707 2095 aliisque
737 2056 922 2086 minoribus
951 2056 1122 2086 doctrinae
1151 2055 1453 2095 palaeographicae
1483 2055 1647 2094 capitibus
1675 2064 1736 2094 pro
1766 2054 1891 2084 viribus
1913 2054 1970 2083 ad-

123 2106 342 2136 laborandum
366 2112 423 2142 est,
451 2116 517 2146 quo
543 2106 677 2136 uberius
700 2107 874 2146 disciplina
896 2107 1051 2137 universa
1074 2107 1255 2137 excolatur.
1300 2105 1455 2137 Ceterum
1479 2115 1523 2136 ex
1545 2107 1584 2136 iis
1607 2115 1694 2146 quae
1715 2105 1971 2146 perstrinximus

123 2158 202 2188 satis
235 2162 388 2197 apparet,
427 2158 458 2187 in
495 2158 688 2188 enarrandis
721 2157 844 2188 tabulis
877 2159 998 2188 nostris
1031 2158 1219 2197 complures
1252 2158 1463 2198 quaestiones
1496 2157 1692 2188 indicandas
1724 2157 1835 2196 potius
1869 2165 1969 2196 quam

123 2209 333 2239 dirimendas.

276 2259 405 2290 Verum
429 2260 512 2291 haec
535 2261 611 2291 ideo
627 2262 725 2291 etiam
741 2262 1022 2301 praemonuimus,
1046 2271 1088 2291 ne
1103 2261 1280 2291 iuvenibus
1295 2260 1413 2291 falsam
1430 2266 1562 2291 nostrae
1577 2260 1771 2300 disciplinae
1787 2259 1969 2299 imaginem

123 2311 367 2347 exhiberemus,
398 2312 492 2351 quasi
515 2313 587 2352 ipsa
610 2313 652 2342 sit
675 2313 830 2343 omnibus
853 2313 1000 2342 numeris
1022 2312 1175 2342 absoluta
1195 2311 1410 2352 perfecteque
1433 2313 1620 2348 constituta,
1649 2312 1709 2342 sed
1732 2316 1768 2342 ut
1791 2312 1838 2341 eis
1859 2311 1970 2350 potius

122 2363 264 2392 lacunas
286 2363 517 2400 indicaremus,
540 2364 574 2393 in
597 2364 720 2403 quibus
743 2364 920 2404 explendis
942 2373 1077 2404 operam
1101 2373 1195 2394 suam
1220 2364 1392 2394 utilissime
1415 2368 1551 2403 possent
1572 2363 1692 2394 locare.

277 2414 399 2444 Restat
421 2420 457 2444 ut
479 2415 621 2455 gratiam
646 2416 778 2455 publice
797 2414 981 2446 referamus
997 2415 1164 2445 IOHANNI
1180 2415 1413 2450 LIETZMANN,
1433 2415 1601 2445 IOHANNI
1617 2415 1804 2451 MERCATI,
1828 2415 1970 2446 MARCO

123 2465 324 2496 VATTASSO
354 2476 406 2496 vv.
441 2476 487 2496 cc.
522 2467 578 2506 qui
614 2477 674 2497 nos
708 2467 791 2497 alius
824 2467 888 2497 alia
921 2467 1050 2497 ratione
1084 2467 1223 2496 comiter
1256 2467 1471 2501 adiuverunt;
1506 2467 1628 2497 deinde
1662 2466 1844 2497 ALBERTO
1878 2466 1969 2497 AHN

124 2516 177 2547 (A.
201 2516 365 2547 MARCUS
393 2523 424 2547 et
447 2517 485 2548 E.
501 2517 666 2555 VVEEER),
697 2518 911 2558 bybliopolae
940 2518 1182 2553 honestissimo,
1213 2518 1305 2548 cuius
1334 2518 1494 2558 singulari
1525 2518 1687 2548 industria
1712 2517 1838 2548 factum
1862 2523 1911 2548 est
1933 2522 1970 2548 ut

123 2568 289 2603 volumen,
320 2569 564 2609 quinquaginta
587 2569 814 2609 complectens
836 2569 967 2600 tabulas
989 2569 1204 2609 photot3pice
1227 2579 1410 2609 expressas,
1433 2569 1538 2609 pretio
1561 2575 1627 2599 tam
1652 2570 1777 2609 exiguo
1799 2574 1926 2599 veneat

974 2621 1118 2651 ROMAE

447 2671 685 2702 FRANciscus
708 2672 844 2702 EHRLE
867 2671 899 2702 S.
919 2671 946 2710 J.
1276 2672 1429 2703 PAULUS
1453 2673 1648 2702 LIEBAERT
