<?xml version="1.0" encoding="UTF-8"?>
<!DOCTYPE html PUBLIC "-//W3C//DTD XHTML 1.0 Transitional//EN"
    "http://www.w3.org/TR/xhtml1/DTD/xhtml1-transitional.dtd">
<html xmlns="http://www.w3.org/1999/xhtml" xml:lang="en" lang="en">
 <head>
  <title>
</title>
<meta http-equiv="Content-Type" content="text/html;charset=utf-8" />
  <meta name='ocr-system' content='tesseract 3.04.00' />
  <meta name='ocr-capabilities' content='ocr_page ocr_carea ocr_par ocr_line ocrx_word'/>
</head>
<body>
  <div class='ocr_page' id='page_1' title='image "./speciminacodicvm00ehrluoft_0146.png"; bbox 0 0 2151 3261; ppageno 0'>
   <div class='ocr_carea' id='block_1_1' title="bbox 64 473 86 486">
    <p class='ocr_par' dir='ltr' id='par_1_1' title="bbox 64 473 86 486">
     <span class='ocr_line' id='line_1_1' title="bbox 64 473 86 486; baseline -0.045 0"><span class='ocrx_word' id='word_1_1' title='bbox 64 473 86 486; x_wconf 84' lang='lat'>10</span> 
     </span>
    </p>
   </div>
   <div class='ocr_carea' id='block_1_2' title="bbox 921 243 1231 272">
    <p class='ocr_par' dir='ltr' id='par_1_2' title="bbox 921 243 1231 272">
     <span class='ocr_line' id='line_1_2' title="bbox 921 243 1231 272; baseline -0.003 -1"><span class='ocrx_word' id='word_1_2' title='bbox 921 260 962 264; x_wconf 89' lang='lat'>—</span> <span class='ocrx_word' id='word_1_3' title='bbox 1007 243 1145 272; x_wconf 84' lang='lat' dir='ltr'>XXXIV</span> <span class='ocrx_word' id='word_1_4' title='bbox 1191 261 1231 264; x_wconf 96' lang='lat'><strong>—</strong></span> 
     </span>
    </p>
   </div>
   <div class='ocr_carea' id='block_1_3' title="bbox 99 336 1949 582">
    <p class='ocr_par' dir='ltr' id='par_1_3' title="bbox 99 336 1949 582">
     <span class='ocr_line' id='line_1_3' title="bbox 101 336 1949 369; baseline 0.001 -10"><span class='ocrx_word' id='word_1_5' title='bbox 101 336 205 359; x_wconf 80' lang='lat' dir='ltr'>diuersis</span> <span class='ocrx_word' id='word_1_6' title='bbox 226 336 358 360; x_wconf 87' lang='lat' dir='ltr'>summulis</span> <span class='ocrx_word' id='word_1_7' title='bbox 382 336 414 359; x_wconf 90' lang='lat' dir='ltr'>de</span> <span class='ocrx_word' id='word_1_8' title='bbox 438 337 597 360; x_wconf 80' lang='lat' dir='ltr'>sacramentis</span> <span class='ocrx_word' id='word_1_9' title='bbox 621 336 701 364; x_wconf 82' lang='lat' dir='ltr'>factis,</span> <span class='ocrx_word' id='word_1_10' title='bbox 726 342 750 360; x_wconf 91' lang='lat' dir='ltr'>et</span> <span class='ocrx_word' id='word_1_11' title='bbox 774 337 833 368; x_wconf 80' lang='lat' dir='ltr'>quia</span> <span class='ocrx_word' id='word_1_12' title='bbox 856 343 940 360; x_wconf 88' lang='lat' dir='ltr'>eorum</span> <span class='ocrx_word' id='word_1_13' title='bbox 958 336 961 368; x_wconf 89' lang='grc' dir='ltr'>Ι</span> <span class='ocrx_word' id='word_1_14' title='bbox 978 337 1105 367; x_wconf 73' lang='lat' dir='ltr'>expeditio</span> <span class='ocrx_word' id='word_1_15' title='bbox 1124 337 1226 367; x_wconf 81' lang='lat' dir='ltr'>requirit</span> <span class='ocrx_word' id='word_1_16' title='bbox 1245 337 1324 360; x_wconf 82' lang='lat' dir='ltr'>maius</span> <span class='ocrx_word' id='word_1_17' title='bbox 1342 344 1413 368; x_wconf 81' lang='lat' dir='ltr'>opus,</span> <span class='ocrx_word' id='word_1_18' title='bbox 1438 344 1512 367; x_wconf 83' lang='lat' dir='ltr'>quarn</span> <span class='ocrx_word' id='word_1_19' title='bbox 1532 336 1571 360; x_wconf 90' lang='lat' dir='ltr'>hic</span> <span class='ocrx_word' id='word_1_20' title='bbox 1590 337 1670 361; x_wconf 86' lang='lat' dir='ltr'>facere</span> <span class='ocrx_word' id='word_1_21' title='bbox 1688 337 1794 361; x_wconf 88' lang='lat' dir='ltr'>decreui.</span> <span class='ocrx_word' id='word_1_22' title='bbox 1830 338 1949 369; x_wconf 77' lang='lat' dir='ltr'>Amplius</span> 
     </span>
     <span class='ocr_line' id='line_1_4' title="bbox 101 378 1948 411; baseline 0.002 -10"><span class='ocrx_word' id='word_1_23' title='bbox 101 378 132 402; x_wconf 91' lang='lat' dir='ltr'>de</span> <span class='ocrx_word' id='word_1_24' title='bbox 150 383 268 410; x_wconf 87' lang='lat' dir='ltr'>computo</span> <span class='ocrx_word' id='word_1_25' title='bbox 286 378 361 402; x_wconf 83' lang='lat' dir='ltr'>nichil</span> <span class='ocrx_word' id='word_1_26' title='bbox 377 379 381 410; x_wconf 90' lang='grc' dir='ltr'>Ι</span> <span class='ocrx_word' id='word_1_27' title='bbox 398 379 475 409; x_wconf 85' lang='lat' dir='ltr'>tetigi,</span> <span class='ocrx_word' id='word_1_28' title='bbox 494 378 526 402; x_wconf 90' lang='lat' dir='ltr'>de</span> <span class='ocrx_word' id='word_1_29' title='bbox 541 386 592 410; x_wconf 91' lang='lat' dir='ltr'>quo</span> <span class='ocrx_word' id='word_1_30' title='bbox 606 384 689 402; x_wconf 85' lang='lat' dir='ltr'>tamen</span> <span class='ocrx_word' id='word_1_31' title='bbox 701 379 782 403; x_wconf 89' lang='lat' dir='ltr'>dictus</span> <span class='ocrx_word' id='word_1_32' title='bbox 797 378 969 410; x_wconf 89' lang='lat' dir='ltr'>G[uillelmus]</span> <span class='ocrx_word' id='word_1_33' title='bbox 983 379 1041 402; x_wconf 81' lang='lat' dir='ltr'>fecit</span> <span class='ocrx_word' id='word_1_34' title='bbox 1055 387 1131 402; x_wconf 89' lang='lat' dir='ltr'>vnum</span> <span class='ocrx_word' id='word_1_35' title='bbox 1146 383 1276 402; x_wconf 86' lang='lat' dir='ltr'>tractatum</span> <span class='ocrx_word' id='word_1_36' title='bbox 1291 378 1424 410; x_wconf 85' lang='lat' dir='ltr'>specialem</span> <span class='ocrx_word' id='word_1_37' title='bbox 1437 379 1462 402; x_wconf 92' lang='lat' dir='ltr'>in</span> <span class='ocrx_word' id='word_1_38' title='bbox 1475 379 1543 402; x_wconf 90' lang='lat' dir='ltr'>dicto</span> <span class='ocrx_word' id='word_1_39' title='bbox 1555 387 1601 403; x_wconf 87' lang='lat' dir='ltr'>suo</span> <span class='ocrx_word' id='word_1_40' title='bbox 1614 379 1684 408; x_wconf 80' lang='lat' dir='ltr'>libro,</span> <span class='ocrx_word' id='word_1_41' title='bbox 1700 379 1704 411; x_wconf 91' lang='grc' dir='ltr'>Ι</span> <span class='ocrx_word' id='word_1_42' title='bbox 1720 387 1750 403; x_wconf 88' lang='lat' dir='ltr'>eo</span> <span class='ocrx_word' id='word_1_43' title='bbox 1764 380 1833 411; x_wconf 90' lang='lat' dir='ltr'>quod</span> <span class='ocrx_word' id='word_1_44' title='bbox 1845 381 1948 404; x_wconf 87' lang='lat' dir='ltr'>scientia</span> 
     </span>
     <span class='ocr_line' id='line_1_5' title="bbox 100 421 1947 453; baseline 0.001 -9"><span class='ocrx_word' id='word_1_45' title='bbox 100 422 211 452; x_wconf 85' lang='lat' dir='ltr'>computi</span> <span class='ocrx_word' id='word_1_46' title='bbox 229 421 400 444; x_wconf 88' lang='lat' dir='ltr'>sacerdotibus</span> <span class='ocrx_word' id='word_1_47' title='bbox 419 421 451 444; x_wconf 91' lang='lat' dir='ltr'>sit</span> <span class='ocrx_word' id='word_1_48' title='bbox 469 421 614 449; x_wconf 82' lang='lat' dir='ltr'>necessaria,</span> <span class='ocrx_word' id='word_1_49' title='bbox 633 421 692 452; x_wconf 83' lang='lat' dir='ltr'>quia</span> <span class='ocrx_word' id='word_1_50' title='bbox 709 421 770 444; x_wconf 83' lang='lat' dir='ltr'>alias</span> <span class='ocrx_word' id='word_1_51' title='bbox 789 426 933 452; x_wconf 87' lang='lat' dir='ltr'>computum</span> <span class='ocrx_word' id='word_1_52' title='bbox 953 421 1088 452; x_wconf 86' lang='lat' dir='ltr'>quemdam</span> <span class='ocrx_word' id='word_1_53' title='bbox 1107 429 1137 445; x_wconf 88' lang='lat' dir='ltr'>ex</span> <span class='ocrx_word' id='word_1_54' title='bbox 1156 421 1260 445; x_wconf 86' lang='lat' dir='ltr'>diuersis</span> <span class='ocrx_word' id='word_1_55' title='bbox 1276 422 1280 452; x_wconf 87' lang='grc' dir='ltr'>Ι</span> <span class='ocrx_word' id='word_1_56' title='bbox 1296 422 1420 452; x_wconf 87' lang='lat' dir='ltr'>computis</span> <span class='ocrx_word' id='word_1_57' title='bbox 1439 426 1489 445; x_wconf 86' lang='lat' dir='ltr'>tarn</span> <span class='ocrx_word' id='word_1_58' title='bbox 1508 421 1664 445; x_wconf 80' lang='lat' dir='ltr'>manualibus</span> <span class='ocrx_word' id='word_1_59' title='bbox 1682 429 1756 453; x_wconf 87' lang='lat' dir='ltr'>quam</span> <span class='ocrx_word' id='word_1_60' title='bbox 1776 422 1947 446; x_wconf 86' lang='lat' dir='ltr'>ecclesiasticis</span> 
     </span>
     <span class='ocr_line' id='line_1_6' title="bbox 99 462 1949 496; baseline 0.001 -10"><span class='ocrx_word' id='word_1_61' title='bbox 99 463 154 487; x_wconf 85' lang='lat' dir='ltr'>aliis</span> <span class='ocrx_word' id='word_1_62' title='bbox 172 467 196 486; x_wconf 89' lang='lat' dir='ltr'>et</span> <span class='ocrx_word' id='word_1_63' title='bbox 214 462 394 495; x_wconf 81' lang='lat' dir='ltr'>philosophicis</span> <span class='ocrx_word' id='word_1_64' title='bbox 412 471 462 487; x_wconf 88' lang='lat' dir='ltr'>non</span> <span class='ocrx_word' id='word_1_65' title='bbox 480 464 534 487; x_wconf 85' lang='lat' dir='ltr'>sine</span> <span class='ocrx_word' id='word_1_66' title='bbox 547 463 556 495; x_wconf 90' lang='grc' dir='ltr'>ΙΙ</span> <span class='ocrx_word' id='word_1_67' title='bbox 569 463 654 488; x_wconf 89' lang='lat' dir='ltr'>labore</span> <span class='ocrx_word' id='word_1_68' title='bbox 672 464 768 494; x_wconf 84' lang='lat' dir='ltr'>collegi,</span> <span class='ocrx_word' id='word_1_69' title='bbox 786 464 818 488; x_wconf 87' lang='lat' dir='ltr'>ad</span> <span class='ocrx_word' id='word_1_70' title='bbox 837 471 921 495; x_wconf 80' lang='lat' dir='ltr'>quem,</span> <span class='ocrx_word' id='word_1_71' title='bbox 940 464 978 488; x_wconf 89' lang='lat' dir='ltr'>cui</span> <span class='ocrx_word' id='word_1_72' title='bbox 992 463 1040 488; x_wconf 87' lang='lat' dir='ltr'>hoc</span> <span class='ocrx_word' id='word_1_73' title='bbox 1052 464 1180 495; x_wconf 82' lang='lat' dir='ltr'>placuerit,</span> <span class='ocrx_word' id='word_1_74' title='bbox 1199 464 1290 495; x_wconf 87' lang='lat' dir='ltr'>poterit</span> <span class='ocrx_word' id='word_1_75' title='bbox 1303 463 1397 487; x_wconf 86' lang='lat' dir='ltr'>habere</span> <span class='ocrx_word' id='word_1_76' title='bbox 1411 471 1544 492; x_wconf 77' lang='lat' dir='ltr'>recursum,</span> <span class='ocrx_word' id='word_1_77' title='bbox 1563 468 1588 487; x_wconf 90' lang='lat' dir='ltr'>et</span> <span class='ocrx_word' id='word_1_78' title='bbox 1602 465 1660 496; x_wconf 89' lang='lat' dir='ltr'>quia</span> <span class='ocrx_word' id='word_1_79' title='bbox 1676 465 1680 496; x_wconf 94' lang='grc' dir='ltr'>Ι</span> <span class='ocrx_word' id='word_1_80' title='bbox 1696 464 1728 488; x_wconf 89' lang='lat' dir='ltr'>de</span> <span class='ocrx_word' id='word_1_81' title='bbox 1739 464 1787 488; x_wconf 84' lang='lat' dir='ltr'>hoc</span> <span class='ocrx_word' id='word_1_82' title='bbox 1800 465 1875 488; x_wconf 90' lang='lat' dir='ltr'>etiam</span> <span class='ocrx_word' id='word_1_83' title='bbox 1888 465 1949 488; x_wconf 87' lang='lat' dir='ltr'>alibi</span> 
     </span>
     <span class='ocr_line' id='line_1_7' title="bbox 100 506 1948 539; baseline 0.001 -10"><span class='ocrx_word' id='word_1_84' title='bbox 100 506 261 537; x_wconf 68' lang='lat' dir='ltr'>inueniuntur</span> <span class='ocrx_word' id='word_1_85' title='bbox 278 507 443 530; x_wconf 82' lang='lat' dir='ltr'>communiter</span> <span class='ocrx_word' id='word_1_86' title='bbox 462 511 579 530; x_wconf 83' lang='lat' dir='ltr'>tractatus</span> <span class='ocrx_word' id='word_1_87' title='bbox 597 507 759 531; x_wconf 78' lang='lat' dir='ltr'>sufficientes.</span> <span class='ocrx_word' id='word_1_88' title='bbox 790 507 924 530; x_wconf 88' lang='lat' dir='ltr'>Sciendum</span> <span class='ocrx_word' id='word_1_89' title='bbox 943 512 1026 530; x_wconf 88' lang='lat' dir='ltr'>autem</span> <span class='ocrx_word' id='word_1_90' title='bbox 1045 507 1114 538; x_wconf 90' lang='lat' dir='ltr'>quod</span> <span class='ocrx_word' id='word_1_91' title='bbox 1132 506 1180 530; x_wconf 91' lang='lat' dir='ltr'>hoc</span> <span class='ocrx_word' id='word_1_92' title='bbox 1195 507 1198 538; x_wconf 92' lang='grc' dir='ltr'>Ι</span> <span class='ocrx_word' id='word_1_93' title='bbox 1214 506 1383 530; x_wconf 88' lang='lat' dir='ltr'>collectorium</span> <span class='ocrx_word' id='word_1_94' title='bbox 1403 514 1453 530; x_wconf 93' lang='lat' dir='ltr'>non</span> <span class='ocrx_word' id='word_1_95' title='bbox 1472 507 1529 530; x_wconf 92' lang='lat' dir='ltr'>ideo</span> <span class='ocrx_word' id='word_1_96' title='bbox 1547 514 1676 537; x_wconf 80' lang='lat' dir='ltr'>aggressus</span> <span class='ocrx_word' id='word_1_97' title='bbox 1688 514 1752 535; x_wconf 90' lang='lat' dir='ltr'>sum,</span> <span class='ocrx_word' id='word_1_98' title='bbox 1770 512 1798 531; x_wconf 89' lang='lat' dir='ltr'>ut</span> <span class='ocrx_word' id='word_1_99' title='bbox 1809 507 1905 539; x_wconf 87' lang='lat' dir='ltr'>aliquid</span> <span class='ocrx_word' id='word_1_100' title='bbox 1917 508 1948 531; x_wconf 90' lang='lat' dir='ltr'>de</span> 
     </span>
     <span class='ocr_line' id='line_1_8' title="bbox 99 548 1947 582; baseline 0.001 -10"><span class='ocrx_word' id='word_1_101' title='bbox 99 548 168 572; x_wconf 86' lang='lat' dir='ltr'>dicto</span> <span class='ocrx_word' id='word_1_102' title='bbox 186 548 258 574; x_wconf 81' lang='lat' dir='ltr'>libro.</span> <span class='ocrx_word' id='word_1_103' title='bbox 277 549 370 572; x_wconf 87' lang='lat' dir='ltr'>scilicet</span> <span class='ocrx_word' id='word_1_104' title='bbox 389 549 510 576; x_wconf 77' lang='lat' dir='ltr'>rationali.</span> <span class='ocrx_word' id='word_1_105' title='bbox 528 549 685 581; x_wconf 71' lang='lat' dir='ltr'>corlrigerem</span> <span class='ocrx_word' id='word_1_106' title='bbox 704 554 747 573; x_wconf 83' lang='lat' dir='ltr'>aut</span> <span class='ocrx_word' id='word_1_107' title='bbox 765 554 892 581; x_wconf 83' lang='lat' dir='ltr'>tamquam</span> <span class='ocrx_word' id='word_1_108' title='bbox 911 549 1067 581; x_wconf 79' lang='lat' dir='ltr'>superfluum</span> <span class='ocrx_word' id='word_1_109' title='bbox 1086 557 1231 577; x_wconf 84' lang='lat' dir='ltr'>resecarem,</span> <span class='ocrx_word' id='word_1_110' title='bbox 1249 554 1292 573; x_wconf 89' lang='lat' dir='ltr'>aut</span> <span class='ocrx_word' id='word_1_111' title='bbox 1310 554 1337 573; x_wconf 88' lang='lat' dir='ltr'>ut</span> <span class='ocrx_word' id='word_1_112' title='bbox 1355 550 1377 573; x_wconf 88' lang='lat' dir='ltr'>ei</span> <span class='ocrx_word' id='word_1_113' title='bbox 1398 549 1493 581; x_wconf 80' lang='lat' dir='ltr'>aliquid</span> <span class='ocrx_word' id='word_1_114' title='bbox 1509 549 1635 577; x_wconf 87' lang='lat' dir='ltr'>adderem,</span> <span class='ocrx_word' id='word_1_115' title='bbox 1654 550 1695 573; x_wconf 84' lang='lat' dir='ltr'>uel</span> <span class='ocrx_word' id='word_1_116' title='bbox 1712 549 1911 582; x_wconf 81' lang='lat' dir='ltr'>quolmodolibet</span> <span class='ocrx_word' id='word_1_117' title='bbox 1923 550 1947 573; x_wconf 88' lang='lat' dir='ltr'>in</span> 
     </span>
    </p>
   </div>
   <div class='ocr_carea' id='block_1_4' title="bbox 64 590 1948 623">
    <p class='ocr_par' dir='ltr' id='par_1_4' title="bbox 64 590 1948 623">
     <span class='ocr_line' id='line_1_9' title="bbox 64 590 1948 623; baseline 0.002 -10"><span class='ocrx_word' id='word_1_118' title='bbox 64 600 86 619; x_wconf 90' lang='lat'>¹5</span> <span class='ocrx_word' id='word_1_119' title='bbox 100 590 190 614; x_wconf 89' lang='lat' dir='ltr'>melius</span> <span class='ocrx_word' id='word_1_120' title='bbox 214 596 402 619; x_wconf 82' lang='lat' dir='ltr'>commutarem,</span> <span class='ocrx_word' id='word_1_121' title='bbox 426 592 484 623; x_wconf 86' lang='lat' dir='ltr'>quia</span> <span class='ocrx_word' id='word_1_122' title='bbox 509 591 571 615; x_wconf 89' lang='lat' dir='ltr'>liber</span> <span class='ocrx_word' id='word_1_123' title='bbox 594 592 730 623; x_wconf 79' lang='lat' dir='ltr'>prelibatus</span> <span class='ocrx_word' id='word_1_124' title='bbox 755 593 859 616; x_wconf 87' lang='lat' dir='ltr'>omnino</span> <span class='ocrx_word' id='word_1_125' title='bbox 882 592 1096 616; x_wconf 87' lang='lat' dir='ltr'>sufficientissime</span> <span class='ocrx_word' id='word_1_126' title='bbox 1109 591 1118 623; x_wconf 91' lang='grc' dir='ltr'>ΙΙ</span> <span class='ocrx_word' id='word_1_127' title='bbox 1132 596 1156 616; x_wconf 91' lang='lat' dir='ltr'>et</span> <span class='ocrx_word' id='word_1_128' title='bbox 1180 600 1224 623; x_wconf 84' lang='lat' dir='ltr'>per</span> <span class='ocrx_word' id='word_1_129' title='bbox 1249 592 1350 615; x_wconf 88' lang='lat' dir='ltr'>modum</span> <span class='ocrx_word' id='word_1_130' title='bbox 1370 593 1429 616; x_wconf 83' lang='lat' dir='ltr'>artis</span> <span class='ocrx_word' id='word_1_131' title='bbox 1448 592 1607 623; x_wconf 87' lang='lat' dir='ltr'>procedendo</span> <span class='ocrx_word' id='word_1_132' title='bbox 1625 592 1684 616; x_wconf 89' lang='lat' dir='ltr'>satis</span> <span class='ocrx_word' id='word_1_133' title='bbox 1702 592 1883 623; x_wconf 86' lang='lat' dir='ltr'>compendiose</span> <span class='ocrx_word' id='word_1_134' title='bbox 1901 592 1948 616; x_wconf 87' lang='lat' dir='ltr'>sub</span> 
     </span>
    </p>
   </div>
   <div class='ocr_carea' id='block_1_5' title="bbox 99 633 1948 709">
    <p class='ocr_par' dir='ltr' id='par_1_5' title="bbox 99 633 1948 709">
     <span class='ocr_line' id='line_1_10' title="bbox 100 633 1947 666; baseline 0 -9"><span class='ocrx_word' id='word_1_135' title='bbox 100 633 196 657; x_wconf 85' lang='lat' dir='ltr'>meliori</span> <span class='ocrx_word' id='word_1_136' title='bbox 214 635 290 657; x_wconf 82' lang='lat' dir='ltr'>etiarn</span> <span class='ocrx_word' id='word_1_137' title='bbox 309 634 394 662; x_wconf 88' lang='lat' dir='ltr'>modo,</span> <span class='ocrx_word' id='word_1_138' title='bbox 413 642 464 665; x_wconf 91' lang='lat' dir='ltr'>quo</span> <span class='ocrx_word' id='word_1_139' title='bbox 479 634 483 666; x_wconf 96' lang='grc' dir='ltr'>Ι</span> <span class='ocrx_word' id='word_1_140' title='bbox 499 635 563 658; x_wconf 91' lang='lat' dir='ltr'>bene</span> <span class='ocrx_word' id='word_1_141' title='bbox 581 634 700 666; x_wconf 89' lang='lat' dir='ltr'>possibile</span> <span class='ocrx_word' id='word_1_142' title='bbox 720 635 775 662; x_wconf 80' lang='lat' dir='ltr'>fuit,</span> <span class='ocrx_word' id='word_1_143' title='bbox 795 640 922 666; x_wconf 78' lang='lat' dir='ltr'>tamquam</span> <span class='ocrx_word' id='word_1_144' title='bbox 941 644 955 658; x_wconf 85' lang='lat' dir='ltr'>a</span> <span class='ocrx_word' id='word_1_145' title='bbox 973 635 1028 658; x_wconf 86' lang='lat' dir='ltr'>uiro</span> <span class='ocrx_word' id='word_1_146' title='bbox 1046 634 1247 658; x_wconf 81' lang='lat' dir='ltr'>excellentissimi</span> <span class='ocrx_word' id='word_1_147' title='bbox 1266 635 1357 666; x_wconf 86' lang='lat' dir='ltr'>ingenii</span> <span class='ocrx_word' id='word_1_148' title='bbox 1377 639 1402 658; x_wconf 91' lang='lat' dir='ltr'>et</span> <span class='ocrx_word' id='word_1_149' title='bbox 1420 635 1445 658; x_wconf 90' lang='lat' dir='ltr'>in</span> <span class='ocrx_word' id='word_1_150' title='bbox 1463 635 1581 659; x_wconf 88' lang='lat' dir='ltr'>omnibus</span> <span class='ocrx_word' id='word_1_151' title='bbox 1597 633 1601 665; x_wconf 95' lang='grc' dir='ltr'>Ι</span> <span class='ocrx_word' id='word_1_152' title='bbox 1617 635 1649 658; x_wconf 86' lang='lat' dir='ltr'>ad</span> <span class='ocrx_word' id='word_1_153' title='bbox 1666 635 1795 659; x_wconf 85' lang='lat' dir='ltr'>materiam</span> <span class='ocrx_word' id='word_1_154' title='bbox 1815 634 1874 658; x_wconf 88' lang='lat' dir='ltr'>dicti</span> <span class='ocrx_word' id='word_1_155' title='bbox 1892 634 1947 658; x_wconf 87' lang='lat' dir='ltr'>libri</span> 
     </span>
     <span class='ocr_line' id='line_1_11' title="bbox 99 676 1948 709; baseline 0.001 -10"><span class='ocrx_word' id='word_1_156' title='bbox 99 676 281 707; x_wconf 88' lang='lat' dir='ltr'>pertinentibus</span> <span class='ocrx_word' id='word_1_157' title='bbox 300 684 350 700; x_wconf 90' lang='lat' dir='ltr'>non</span> <span class='ocrx_word' id='word_1_158' title='bbox 368 677 494 701; x_wconf 86' lang='lat' dir='ltr'>modicum</span> <span class='ocrx_word' id='word_1_159' title='bbox 513 682 616 708; x_wconf 75' lang='lat' dir='ltr'>experto</span> <span class='ocrx_word' id='word_1_160' title='bbox 634 678 740 700; x_wconf 85' lang='lat' dir='ltr'>multum</span> <span class='ocrx_word' id='word_1_161' title='bbox 758 678 866 708; x_wconf 87' lang='lat' dir='ltr'>gratiose</span> <span class='ocrx_word' id='word_1_162' title='bbox 881 678 885 709; x_wconf 88' lang='grc' dir='ltr'>Ι</span> <span class='ocrx_word' id='word_1_163' title='bbox 901 683 938 701; x_wconf 88' lang='lat' dir='ltr'>est</span> <span class='ocrx_word' id='word_1_164' title='bbox 956 677 1112 709; x_wconf 80' lang='lat' dir='ltr'>compilatuS,</span> <span class='ocrx_word' id='word_1_165' title='bbox 1131 677 1232 709; x_wconf 89' lang='lat' dir='ltr'>meique</span> <span class='ocrx_word' id='word_1_166' title='bbox 1247 677 1357 709; x_wconf 86' lang='lat' dir='ltr'>depressi</span> <span class='ocrx_word' id='word_1_167' title='bbox 1370 677 1512 709; x_wconf 89' lang='lat' dir='ltr'>ingenio[li]</span> <span class='ocrx_word' id='word_1_168' title='bbox 1526 677 1616 701; x_wconf 89' lang='lat' dir='ltr'>librum</span> <span class='ocrx_word' id='word_1_169' title='bbox 1630 685 1679 701; x_wconf 93' lang='lat' dir='ltr'>non</span> <span class='ocrx_word' id='word_1_170' title='bbox 1693 685 1779 708; x_wconf 85' lang='lat' dir='ltr'>pamm</span> <span class='ocrx_word' id='word_1_171' title='bbox 1793 677 1948 701; x_wconf 77' lang='lat' dir='ltr'>insufficiens</span> 
     </span>
    </p>
   </div>
   <div class='ocr_carea' id='block_1_6' title="bbox 63 718 1948 752">
    <p class='ocr_par' dir='ltr' id='par_1_6' title="bbox 63 718 1948 752">
     <span class='ocr_line' id='line_1_12' title="bbox 63 718 1948 752; baseline 0.001 -10"><span class='ocrx_word' id='word_1_172' title='bbox 63 728 87 741; x_wconf 82' lang='lat'>20</span> <span class='ocrx_word' id='word_1_173' title='bbox 101 718 214 748; x_wconf 74' lang='lat' dir='ltr'>facultas,</span> <span class='ocrx_word' id='word_1_174' title='bbox 231 719 234 752; x_wconf 92' lang='grc' dir='ltr'>Ι</span> <span class='ocrx_word' id='word_1_175' title='bbox 251 720 304 743; x_wconf 86' lang='lat' dir='ltr'>eius</span> <span class='ocrx_word' id='word_1_176' title='bbox 322 720 388 743; x_wconf 85' lang='lat' dir='ltr'>dicta</span> <span class='ocrx_word' id='word_1_177' title='bbox 408 725 457 743; x_wconf 82' lang='lat' dir='ltr'>tam</span> <span class='ocrx_word' id='word_1_178' title='bbox 476 720 579 744; x_wconf 83' lang='lat' dir='ltr'>scientie</span> <span class='ocrx_word' id='word_1_179' title='bbox 597 728 672 751; x_wconf 85' lang='lat' dir='ltr'>quam</span> <span class='ocrx_word' id='word_1_180' title='bbox 692 720 834 752; x_wconf 87' lang='lat' dir='ltr'>eloquentie</span> <span class='ocrx_word' id='word_1_181' title='bbox 852 721 976 744; x_wconf 82' lang='lat' dir='ltr'>suauitate</span> <span class='ocrx_word' id='word_1_182' title='bbox 994 721 1056 744; x_wconf 88' lang='lat' dir='ltr'>mire</span> <span class='ocrx_word' id='word_1_183' title='bbox 1075 720 1151 744; x_wconf 85' lang='lat' dir='ltr'>modo</span> <span class='ocrx_word' id='word_1_184' title='bbox 1170 720 1307 744; x_wconf 86' lang='lat' dir='ltr'>redolentia</span> <span class='ocrx_word' id='word_1_185' title='bbox 1325 719 1457 752; x_wconf 73' lang='lat' dir='ltr'>olfallcere.</span> <span class='ocrx_word' id='word_1_186' title='bbox 1476 720 1681 752; x_wconf 83' lang='lat' dir='ltr'>qualitercunque</span> <span class='ocrx_word' id='word_1_187' title='bbox 1699 720 1775 744; x_wconf 86' lang='lat' dir='ltr'>etiam</span> <span class='ocrx_word' id='word_1_188' title='bbox 1789 720 1831 744; x_wconf 80' lang='lat' dir='ltr'>uix</span> <span class='ocrx_word' id='word_1_189' title='bbox 1845 719 1948 748; x_wconf 87' lang='lat' dir='ltr'>sufficit,</span> 
     </span>
    </p>
   </div>
   <div class='ocr_carea' id='block_1_7' title="bbox 99 761 1948 838">
    <p class='ocr_par' dir='ltr' id='par_1_7' title="bbox 99 761 1948 838">
     <span class='ocr_line' id='line_1_13' title="bbox 100 761 1948 795; baseline 0.001 -10"><span class='ocrx_word' id='word_1_190' title='bbox 100 762 170 790; x_wconf 89' lang='lat' dir='ltr'>ratio,</span> <span class='ocrx_word' id='word_1_191' title='bbox 189 763 258 794; x_wconf 88' lang='lat' dir='ltr'>quod</span> <span class='ocrx_word' id='word_1_192' title='bbox 275 763 301 786; x_wconf 88' lang='lat' dir='ltr'>in</span> <span class='ocrx_word' id='word_1_193' title='bbox 314 767 408 786; x_wconf 85' lang='lat' dir='ltr'>tantam</span> <span class='ocrx_word' id='word_1_194' title='bbox 422 763 568 786; x_wconf 85' lang='lat' dir='ltr'>temeritatis</span> <span class='ocrx_word' id='word_1_195' title='bbox 581 761 718 794; x_wconf 70' lang='lat' dir='ltr'>auldaciam</span> <span class='ocrx_word' id='word_1_196' title='bbox 733 763 889 794; x_wconf 84' lang='lat' dir='ltr'>aliquatenus</span> <span class='ocrx_word' id='word_1_197' title='bbox 901 768 1054 795; x_wconf 80' lang='lat' dir='ltr'>prorumpat,</span> <span class='ocrx_word' id='word_1_198' title='bbox 1072 768 1101 787; x_wconf 92' lang='lat' dir='ltr'>ut</span> <span class='ocrx_word' id='word_1_199' title='bbox 1113 771 1142 787; x_wconf 89' lang='lat' dir='ltr'>ea</span> <span class='ocrx_word' id='word_1_200' title='bbox 1155 763 1232 787; x_wconf 88' lang='lat' dir='ltr'>modo</span> <span class='ocrx_word' id='word_1_201' title='bbox 1246 763 1367 795; x_wconf 81' lang='lat' dir='ltr'>predicto,</span> <span class='ocrx_word' id='word_1_202' title='bbox 1385 763 1480 787; x_wconf 89' lang='lat' dir='ltr'>scilicet</span> <span class='ocrx_word' id='word_1_203' title='bbox 1493 763 1639 794; x_wconf 86' lang='lat' dir='ltr'>corrigendo</span> <span class='ocrx_word' id='word_1_204' title='bbox 1653 763 1795 791; x_wconf 74' lang='lat' dir='ltr'>resecando,</span> <span class='ocrx_word' id='word_1_205' title='bbox 1812 764 1815 794; x_wconf 93' lang='grc' dir='ltr'>Ι</span> <span class='ocrx_word' id='word_1_206' title='bbox 1831 762 1948 786; x_wconf 88' lang='lat' dir='ltr'>addendo</span> 
     </span>
     <span class='ocr_line' id='line_1_14' title="bbox 99 804 1946 838; baseline 0 -10"><span class='ocrx_word' id='word_1_207' title='bbox 99 812 128 828; x_wconf 88' lang='lat' dir='ltr'>ac</span> <span class='ocrx_word' id='word_1_208' title='bbox 140 805 296 833; x_wconf 87' lang='lat' dir='ltr'>inmutando,</span> <span class='ocrx_word' id='word_1_209' title='bbox 318 805 401 828; x_wconf 86' lang='lat' dir='ltr'>nescio</span> <span class='ocrx_word' id='word_1_210' title='bbox 414 812 463 836; x_wconf 88' lang='lat' dir='ltr'>qua</span> <span class='ocrx_word' id='word_1_211' title='bbox 473 805 563 833; x_wconf 74' lang='lat' dir='ltr'>fronte,</span> <span class='ocrx_word' id='word_1_212' title='bbox 576 809 704 836; x_wconf 86' lang='lat' dir='ltr'>presumat</span> <span class='ocrx_word' id='word_1_213' title='bbox 717 805 830 836; x_wconf 85' lang='lat' dir='ltr'>quolibet</span> <span class='ocrx_word' id='word_1_214' title='bbox 842 804 844 836; x_wconf 89' lang='grc' dir='ltr'>Ι</span> <span class='ocrx_word' id='word_1_215' title='bbox 856 806 988 829; x_wconf 89' lang='lat' dir='ltr'>ruminare.</span> <span class='ocrx_word' id='word_1_216' title='bbox 1011 806 1106 829; x_wconf 87' lang='lat' dir='ltr'>Verum</span> <span class='ocrx_word' id='word_1_217' title='bbox 1117 806 1174 830; x_wconf 90' lang='lat' dir='ltr'>ideo</span> <span class='ocrx_word' id='word_1_218' title='bbox 1186 806 1306 830; x_wconf 83' lang='lat' dir='ltr'>duxtaxat</span> <span class='ocrx_word' id='word_1_219' title='bbox 1317 805 1344 838; x_wconf 91' lang='lat' dir='ltr'>[l.</span> <span class='ocrx_word' id='word_1_220' title='bbox 1355 805 1496 837; x_wconf 84' lang='lat' dir='ltr'>dumtaxat]</span> <span class='ocrx_word' id='word_1_221' title='bbox 1507 806 1599 830; x_wconf 88' lang='lat' dir='ltr'>dictum</span> <span class='ocrx_word' id='word_1_222' title='bbox 1610 806 1779 830; x_wconf 89' lang='lat' dir='ltr'>collectorium</span> <span class='ocrx_word' id='word_1_223' title='bbox 1789 813 1834 837; x_wconf 88' lang='lat' dir='ltr'>per</span> <span class='ocrx_word' id='word_1_224' title='bbox 1843 805 1946 829; x_wconf 89' lang='lat' dir='ltr'>modum</span> 
     </span>
    </p>
   </div>
   <div class='ocr_carea' id='block_1_8' title="bbox 63 846 1948 881">
    <p class='ocr_par' dir='ltr' id='par_1_8' title="bbox 63 846 1948 881">
     <span class='ocr_line' id='line_1_15' title="bbox 63 846 1948 881; baseline 0.001 -11"><span class='ocrx_word' id='word_1_225' title='bbox 63 855 87 874; x_wconf 87' lang='lat'>25</span> <span class='ocrx_word' id='word_1_226' title='bbox 101 846 168 871; x_wconf 87' lang='lat' dir='ltr'>rudis</span> <span class='ocrx_word' id='word_1_227' title='bbox 183 847 185 879; x_wconf 87' lang='grc' dir='ltr'>Ι</span> <span class='ocrx_word' id='word_1_228' title='bbox 201 848 312 871; x_wconf 82' lang='lat' dir='ltr'>doctrine</span> <span class='ocrx_word' id='word_1_229' title='bbox 325 847 425 878; x_wconf 86' lang='lat' dir='ltr'>aggredi</span> <span class='ocrx_word' id='word_1_230' title='bbox 439 847 542 878; x_wconf 87' lang='lat' dir='ltr'>dignum</span> <span class='ocrx_word' id='word_1_231' title='bbox 558 848 626 876; x_wconf 83' lang='lat' dir='ltr'>duxi,</span> <span class='ocrx_word' id='word_1_232' title='bbox 642 852 669 871; x_wconf 88' lang='lat' dir='ltr'>ut</span> <span class='ocrx_word' id='word_1_233' title='bbox 685 847 818 879; x_wconf 84' lang='lat' dir='ltr'>simplices,</span> <span class='ocrx_word' id='word_1_234' title='bbox 834 848 877 879; x_wconf 89' lang='lat' dir='ltr'>qui</span> <span class='ocrx_word' id='word_1_235' title='bbox 893 848 1035 879; x_wconf 82' lang='lat' dir='ltr'>prolixitate</span> <span class='ocrx_word' id='word_1_236' title='bbox 1051 848 1105 872; x_wconf 92' lang='lat' dir='ltr'>libri</span> <span class='ocrx_word' id='word_1_237' title='bbox 1119 849 1129 881; x_wconf 91' lang='grc' dir='ltr'>ΙΙ</span> <span class='ocrx_word' id='word_1_238' title='bbox 1143 853 1192 872; x_wconf 84' lang='lat' dir='ltr'>tam</span> <span class='ocrx_word' id='word_1_239' title='bbox 1205 849 1342 880; x_wconf 88' lang='lat' dir='ltr'>solempnis</span> <span class='ocrx_word' id='word_1_240' title='bbox 1353 849 1387 872; x_wconf 87' lang='lat' dir='ltr'>eis</span> <span class='ocrx_word' id='word_1_241' title='bbox 1397 849 1451 873; x_wconf 85' lang='lat' dir='ltr'>uisa</span> <span class='ocrx_word' id='word_1_242' title='bbox 1460 857 1564 873; x_wconf 83' lang='lat' dir='ltr'>onerosa</span> <span class='ocrx_word' id='word_1_243' title='bbox 1575 854 1701 880; x_wconf 83' lang='lat' dir='ltr'>tamquam</span> <span class='ocrx_word' id='word_1_244' title='bbox 1712 849 1815 873; x_wconf 86' lang='lat' dir='ltr'>actoniti</span> <span class='ocrx_word' id='word_1_245' title='bbox 1824 849 1948 872; x_wconf 88' lang='lat' dir='ltr'>deterren-</span> 
     </span>
    </p>
   </div>
   <div class='ocr_carea' id='block_1_9' title="bbox 99 890 1948 965">
    <p class='ocr_par' dir='ltr' id='par_1_9' title="bbox 99 890 1948 965">
     <span class='ocr_line' id='line_1_16' title="bbox 101 890 1948 923; baseline 0 -9"><span class='ocrx_word' id='word_1_246' title='bbox 101 895 147 919; x_wconf 90' lang='lat' dir='ltr'>tur,</span> <span class='ocrx_word' id='word_1_247' title='bbox 172 890 246 914; x_wconf 86' lang='lat' dir='ltr'>huius</span> <span class='ocrx_word' id='word_1_248' title='bbox 270 890 451 921; x_wconf 75' lang='lat' dir='ltr'>compendio!si</span> <span class='ocrx_word' id='word_1_249' title='bbox 475 890 611 914; x_wconf 88' lang='lat' dir='ltr'>oollectorii</span> <span class='ocrx_word' id='word_1_250' title='bbox 635 890 757 914; x_wconf 82' lang='lat' dir='ltr'>breuitate</span> <span class='ocrx_word' id='word_1_251' title='bbox 782 890 873 919; x_wconf 87' lang='lat' dir='ltr'>allecti,</span> <span class='ocrx_word' id='word_1_252' title='bbox 900 898 985 914; x_wconf 89' lang='lat' dir='ltr'>eorum</span> <span class='ocrx_word' id='word_1_253' title='bbox 1010 898 1059 922; x_wconf 91' lang='lat' dir='ltr'>que</span> <span class='ocrx_word' id='word_1_254' title='bbox 1083 891 1108 914; x_wconf 91' lang='lat' dir='ltr'>in</span> <span class='ocrx_word' id='word_1_255' title='bbox 1134 891 1304 915; x_wconf 86' lang='lat' dir='ltr'>ecclesiasticis</span> <span class='ocrx_word' id='word_1_256' title='bbox 1328 891 1420 915; x_wconf 91' lang='lat' dir='ltr'>officiis</span> <span class='ocrx_word' id='word_1_257' title='bbox 1437 896 1554 922; x_wconf 86' lang='lat' dir='ltr'>aguntur,</span> <span class='ocrx_word' id='word_1_258' title='bbox 1570 891 1574 923; x_wconf 97' lang='grc' dir='ltr'>Ι</span> <span class='ocrx_word' id='word_1_259' title='bbox 1590 892 1622 915; x_wconf 88' lang='lat' dir='ltr'>ad</span> <span class='ocrx_word' id='word_1_260' title='bbox 1640 899 1745 923; x_wconf 86' lang='lat' dir='ltr'>quorum</span> <span class='ocrx_word' id='word_1_261' title='bbox 1765 891 1879 915; x_wconf 77' lang='lat' dir='ltr'>notitiam</span> <span class='ocrx_word' id='word_1_262' title='bbox 1898 898 1948 914; x_wconf 90' lang='lat' dir='ltr'>non</span> 
     </span>
     <span class='ocr_line' id='line_1_17' title="bbox 99 932 1948 965; baseline 0 -8"><span class='ocrx_word' id='word_1_263' title='bbox 99 934 180 957; x_wconf 90' lang='lat' dir='ltr'>solum</span> <span class='ocrx_word' id='word_1_264' title='bbox 205 932 356 961; x_wconf 89' lang='lat' dir='ltr'>habendam,</span> <span class='ocrx_word' id='word_1_265' title='bbox 380 940 466 956; x_wconf 88' lang='lat' dir='ltr'>uerum</span> <span class='ocrx_word' id='word_1_266' title='bbox 491 933 565 956; x_wconf 87' lang='lat' dir='ltr'>etiam</span> <span class='ocrx_word' id='word_1_267' title='bbox 589 933 644 957; x_wconf 86' lang='lat' dir='ltr'>aliis</span> <span class='ocrx_word' id='word_1_268' title='bbox 662 933 878 964; x_wconf 84' lang='lat' dir='ltr'>imperficiendam</span> <span class='ocrx_word' id='word_1_269' title='bbox 898 933 925 965; x_wconf 85' lang='lat' dir='ltr'>[l.</span> <span class='ocrx_word' id='word_1_270' title='bbox 944 932 1148 965; x_wconf 86' lang='lat' dir='ltr'>impertiendam]</span> <span class='ocrx_word' id='word_1_271' title='bbox 1164 933 1168 963; x_wconf 88' lang='grc' dir='ltr'>Ι</span> <span class='ocrx_word' id='word_1_272' title='bbox 1185 934 1325 957; x_wconf 85' lang='lat' dir='ltr'>sacerdotes</span> <span class='ocrx_word' id='word_1_273' title='bbox 1345 934 1422 957; x_wconf 87' lang='lat' dir='ltr'>teneri</span> <span class='ocrx_word' id='word_1_274' title='bbox 1441 934 1545 957; x_wconf 90' lang='lat' dir='ltr'>dubium</span> <span class='ocrx_word' id='word_1_275' title='bbox 1564 941 1615 957; x_wconf 90' lang='lat' dir='ltr'>non</span> <span class='ocrx_word' id='word_1_276' title='bbox 1633 934 1730 962; x_wconf 79' lang='lat' dir='ltr'>existat,</span> <span class='ocrx_word' id='word_1_277' title='bbox 1754 941 1804 957; x_wconf 90' lang='lat' dir='ltr'>non</span> <span class='ocrx_word' id='word_1_278' title='bbox 1823 933 1948 965; x_wconf 84' lang='lat' dir='ltr'>negligant</span> 
     </span>
    </p>
   </div>
   <div class='ocr_carea' id='block_1_10' title="bbox 61 975 1947 1008">
    <p class='ocr_par' dir='ltr' id='par_1_10' title="bbox 61 975 1947 1008">
     <span class='ocr_line' id='line_1_18' title="bbox 61 975 1947 1008; baseline 0.001 -10"><span class='ocrx_word' id='word_1_279' title='bbox 61 984 86 1003; x_wconf 78' lang='lat'>30</span> <span class='ocrx_word' id='word_1_280' title='bbox 102 976 244 1007; x_wconf 81' lang='lat' dir='ltr'>perquirere</span> <span class='ocrx_word' id='word_1_281' title='bbox 262 976 378 999; x_wconf 87' lang='lat' dir='ltr'>rationes.</span> <span class='ocrx_word' id='word_1_282' title='bbox 395 976 398 1006; x_wconf 94' lang='grc' dir='ltr'>Ι</span> <span class='ocrx_word' id='word_1_283' title='bbox 414 976 500 1007; x_wconf 87' lang='lat' dir='ltr'>Turpe</span> <span class='ocrx_word' id='word_1_284' title='bbox 518 976 585 999; x_wconf 89' lang='lat' dir='ltr'>enim</span> <span class='ocrx_word' id='word_1_285' title='bbox 603 975 704 1006; x_wconf 85' lang='lat' dir='ltr'>patritio</span> <span class='ocrx_word' id='word_1_286' title='bbox 723 980 748 999; x_wconf 91' lang='lat' dir='ltr'>et</span> <span class='ocrx_word' id='word_1_287' title='bbox 766 983 852 999; x_wconf 77' lang='lat' dir='ltr'>oeusas</span> <span class='ocrx_word' id='word_1_288' title='bbox 871 977 986 1000; x_wconf 86' lang='lat' dir='ltr'>tractanti</span> <span class='ocrx_word' id='word_1_289' title='bbox 1004 976 1116 1007; x_wconf 88' lang='lat' dir='ltr'>ignorare</span> <span class='ocrx_word' id='word_1_290' title='bbox 1134 976 1180 1004; x_wconf 87' lang='lat' dir='ltr'>ius,</span> <span class='ocrx_word' id='word_1_291' title='bbox 1200 977 1224 999; x_wconf 90' lang='lat' dir='ltr'>in</span> <span class='ocrx_word' id='word_1_292' title='bbox 1244 984 1294 1007; x_wconf 91' lang='lat' dir='ltr'>quo</span> <span class='ocrx_word' id='word_1_293' title='bbox 1312 980 1431 1004; x_wconf 84' lang='lat' dir='ltr'>uersatur,</span> <span class='ocrx_word' id='word_1_294' title='bbox 1445 976 1454 1008; x_wconf 92' lang='grc' dir='ltr'>ΙΙ</span> <span class='ocrx_word' id='word_1_295' title='bbox 1467 976 1609 1007; x_wconf 88' lang='lat' dir='ltr'>Digestum,</span> <span class='ocrx_word' id='word_1_296' title='bbox 1628 977 1660 1000; x_wconf 91' lang='lat' dir='ltr'>de</span> <span class='ocrx_word' id='word_1_297' title='bbox 1672 976 1759 1000; x_wconf 86' lang='lat' dir='ltr'>ordine</span> <span class='ocrx_word' id='word_1_298' title='bbox 1772 976 1839 1004; x_wconf 88' lang='lat' dir='ltr'>iuris,</span> <span class='ocrx_word' id='word_1_299' title='bbox 1857 976 1899 1000; x_wconf 90' lang='lat' dir='ltr'>lib.</span> <span class='ocrx_word' id='word_1_300' title='bbox 1914 977 1947 1000; x_wconf 86' lang='lat'>11.</span> 
     </span>
    </p>
   </div>
   <div class='ocr_carea' id='block_1_11' title="bbox 100 1017 1948 1093">
    <p class='ocr_par' dir='ltr' id='par_1_11' title="bbox 100 1017 1948 1093">
     <span class='ocr_line' id='line_1_19' title="bbox 100 1017 1946 1051; baseline 0.001 -9"><span class='ocrx_word' id='word_1_301' title='bbox 100 1019 219 1043; x_wconf 84' lang='lat' dir='ltr'>Similiter</span> <span class='ocrx_word' id='word_1_302' title='bbox 244 1018 293 1042; x_wconf 86' lang='lat' dir='ltr'>hoc</span> <span class='ocrx_word' id='word_1_303' title='bbox 317 1022 388 1050; x_wconf 85' lang='lat' dir='ltr'>turpe</span> <span class='ocrx_word' id='word_1_304' title='bbox 407 1022 446 1042; x_wconf 86' lang='lat' dir='ltr'>est</span> <span class='ocrx_word' id='word_1_305' title='bbox 467 1018 499 1042; x_wconf 83' lang='lat' dir='ltr'>de</span> <span class='ocrx_word' id='word_1_306' title='bbox 517 1018 631 1049; x_wconf 83' lang='lat' dir='ltr'>quolibet</span> <span class='ocrx_word' id='word_1_307' title='bbox 648 1018 753 1046; x_wconf 83' lang='lat' dir='ltr'>artifice,</span> <span class='ocrx_word' id='word_1_308' title='bbox 769 1017 773 1050; x_wconf 90' lang='grc' dir='ltr'>Ι</span> <span class='ocrx_word' id='word_1_309' title='bbox 789 1022 884 1049; x_wconf 87' lang='lat' dir='ltr'>quanto</span> <span class='ocrx_word' id='word_1_310' title='bbox 901 1019 980 1049; x_wconf 82' lang='lat' dir='ltr'>magis</span> <span class='ocrx_word' id='word_1_311' title='bbox 998 1019 1030 1042; x_wconf 90' lang='lat' dir='ltr'>de</span> <span class='ocrx_word' id='word_1_312' title='bbox 1048 1019 1184 1047; x_wconf 86' lang='lat' dir='ltr'>sacerdote,</span> <span class='ocrx_word' id='word_1_313' title='bbox 1203 1019 1297 1043; x_wconf 90' lang='lat' dir='ltr'>scilicet</span> <span class='ocrx_word' id='word_1_314' title='bbox 1314 1019 1426 1050; x_wconf 87' lang='lat' dir='ltr'>ignorare</span> <span class='ocrx_word' id='word_1_315' title='bbox 1445 1019 1507 1042; x_wconf 90' lang='lat' dir='ltr'>illud</span> <span class='ocrx_word' id='word_1_316' title='bbox 1525 1019 1587 1043; x_wconf 72' lang='lat' dir='ltr'>cirm</span> <span class='ocrx_word' id='word_1_317' title='bbox 1605 1019 1674 1050; x_wconf 90' lang='lat' dir='ltr'>quod</span> <span class='ocrx_word' id='word_1_318' title='bbox 1691 1024 1810 1043; x_wconf 87' lang='lat' dir='ltr'>uersatur.</span> <span class='ocrx_word' id='word_1_319' title='bbox 1846 1019 1922 1044; x_wconf 90' lang='lat' dir='ltr'>Unde</span> <span class='ocrx_word' id='word_1_320' title='bbox 1943 1018 1946 1051; x_wconf 95' lang='grc' dir='ltr'>Ι</span> 
     </span>
     <span class='ocr_line' id='line_1_20' title="bbox 103 1060 1948 1093; baseline 0 -8"><span class='ocrx_word' id='word_1_321' title='bbox 103 1069 199 1085; x_wconf 88' lang='lat' dir='ltr'>summe</span> <span class='ocrx_word' id='word_1_322' title='bbox 223 1060 375 1085; x_wconf 89' lang='lat' dir='ltr'>studendum</span> <span class='ocrx_word' id='word_1_323' title='bbox 399 1065 438 1085; x_wconf 84' lang='lat' dir='ltr'>est</span> <span class='ocrx_word' id='word_1_324' title='bbox 456 1061 579 1084; x_wconf 85' lang='lat' dir='ltr'>sacerdoti</span> <span class='ocrx_word' id='word_1_325' title='bbox 597 1068 629 1084; x_wconf 91' lang='lat' dir='ltr'>ne</span> <span class='ocrx_word' id='word_1_326' title='bbox 647 1061 769 1092; x_wconf 86' lang='lat' dir='ltr'>premissa</span> <span class='ocrx_word' id='word_1_327' title='bbox 786 1061 891 1092; x_wconf 78' lang='lat' dir='ltr'>ignoret,</span> <span class='ocrx_word' id='word_1_328' title='bbox 915 1062 974 1092; x_wconf 88' lang='lat' dir='ltr'>quia</span> <span class='ocrx_word' id='word_1_329' title='bbox 992 1061 1068 1085; x_wconf 85' lang='lat' dir='ltr'>etiam</span> <span class='ocrx_word' id='word_1_330' title='bbox 1087 1062 1118 1085; x_wconf 93' lang='lat' dir='ltr'>de</span> <span class='ocrx_word' id='word_1_331' title='bbox 1137 1062 1248 1092; x_wconf 87' lang='lat' dir='ltr'>ipsorum</span> <span class='ocrx_word' id='word_1_332' title='bbox 1266 1061 1414 1093; x_wconf 75' lang='lat' dir='ltr'>ignolrantia</span> <span class='ocrx_word' id='word_1_333' title='bbox 1433 1062 1457 1085; x_wconf 93' lang='lat' dir='ltr'>in</span> <span class='ocrx_word' id='word_1_334' title='bbox 1477 1062 1613 1085; x_wconf 81' lang='lat' dir='ltr'>novissimo</span> <span class='ocrx_word' id='word_1_335' title='bbox 1631 1062 1672 1085; x_wconf 86' lang='lat' dir='ltr'>die</span> <span class='ocrx_word' id='word_1_336' title='bbox 1690 1062 1812 1085; x_wconf 86' lang='lat' dir='ltr'>rationem</span> <span class='ocrx_word' id='word_1_337' title='bbox 1831 1062 1878 1085; x_wconf 90' lang='lat' dir='ltr'>erit</span> <span class='ocrx_word' id='word_1_338' title='bbox 1895 1061 1948 1085; x_wconf 89' lang='lat' dir='ltr'>red-</span> 
     </span>
    </p>
   </div>
   <div class='ocr_carea' id='block_1_12' title="bbox 62 1102 1948 1136">
    <p class='ocr_par' dir='ltr' id='par_1_12' title="bbox 62 1102 1948 1136">
     <span class='ocr_line' id='line_1_21' title="bbox 62 1102 1948 1136; baseline 0.001 -9"><span class='ocrx_word' id='word_1_339' title='bbox 62 1107 86 1127; x_wconf 77' lang='lat'>35</span> <span class='ocrx_word' id='word_1_340' title='bbox 100 1104 205 1132; x_wconf 84' lang='lat' dir='ltr'>diturus,</span> <span class='ocrx_word' id='word_1_341' title='bbox 226 1108 254 1127; x_wconf 85' lang='lat' dir='ltr'>ut</span> <span class='ocrx_word' id='word_1_342' title='bbox 272 1104 333 1128; x_wconf 88' lang='lat' dir='ltr'>dicit</span> <span class='ocrx_word' id='word_1_343' title='bbox 350 1104 430 1128; x_wconf 81' lang='lat' dir='ltr'>dictus</span> <span class='ocrx_word' id='word_1_344' title='bbox 449 1103 602 1127; x_wconf 88' lang='lat' dir='ltr'>Guillermus</span> <span class='ocrx_word' id='word_1_345' title='bbox 620 1107 648 1126; x_wconf 94' lang='lat' dir='ltr'>ut</span> <span class='ocrx_word' id='word_1_346' title='bbox 666 1104 692 1126; x_wconf 87' lang='lat' dir='ltr'>in</span> <span class='ocrx_word' id='word_1_347' title='bbox 710 1102 814 1135; x_wconf 86' lang='lat' dir='ltr'>prologo</span> <span class='ocrx_word' id='word_1_348' title='bbox 832 1103 888 1127; x_wconf 91' lang='lat' dir='ltr'>libri</span> <span class='ocrx_word' id='word_1_349' title='bbox 907 1104 954 1132; x_wconf 76' lang='lat' dir='ltr'>sui,</span> <span class='ocrx_word' id='word_1_350' title='bbox 975 1104 1114 1128; x_wconf 83' lang='lat' dir='ltr'>assimilans</span> <span class='ocrx_word' id='word_1_351' title='bbox 1134 1105 1210 1128; x_wconf 87' lang='lat' dir='ltr'>etiam</span> <span class='ocrx_word' id='word_1_352' title='bbox 1228 1105 1322 1128; x_wconf 92' lang='lat' dir='ltr'>ibidem</span> <span class='ocrx_word' id='word_1_353' title='bbox 1341 1105 1481 1128; x_wconf 85' lang='lat' dir='ltr'>sacerdotes</span> <span class='ocrx_word' id='word_1_354' title='bbox 1500 1105 1585 1128; x_wconf 86' lang='lat' dir='ltr'>diuina</span> <span class='ocrx_word' id='word_1_355' title='bbox 1597 1105 1607 1136; x_wconf 89' lang='grc' dir='ltr'>ΙΙ</span> <span class='ocrx_word' id='word_1_356' title='bbox 1620 1105 1730 1128; x_wconf 88' lang='lat' dir='ltr'>misteria</span> <span class='ocrx_word' id='word_1_357' title='bbox 1748 1105 1844 1136; x_wconf 87' lang='lat' dir='ltr'>absque</span> <span class='ocrx_word' id='word_1_358' title='bbox 1863 1112 1948 1128; x_wconf 86' lang='lat' dir='ltr'>eorum</span> 
     </span>
    </p>
   </div>
   <div class='ocr_carea' id='block_1_13' title="bbox 99 1144 1948 1264">
    <p class='ocr_par' dir='ltr' id='par_1_13' title="bbox 99 1144 1948 1264">
     <span class='ocr_line' id='line_1_22' title="bbox 99 1144 1948 1179; baseline 0.001 -9"><span class='ocrx_word' id='word_1_359' title='bbox 99 1146 226 1170; x_wconf 87' lang='lat' dir='ltr'>intellectu</span> <span class='ocrx_word' id='word_1_360' title='bbox 251 1151 384 1170; x_wconf 81' lang='lat' dir='ltr'>tractantes</span> <span class='ocrx_word' id='word_1_361' title='bbox 411 1146 529 1170; x_wconf 84' lang='lat' dir='ltr'>iumentis</span> <span class='ocrx_word' id='word_1_362' title='bbox 547 1153 625 1177; x_wconf 89' lang='lat' dir='ltr'>panes</span> <span class='ocrx_word' id='word_1_363' title='bbox 644 1144 811 1178; x_wconf 65' lang='lat' dir='ltr'>portanltibus</span> <span class='ocrx_word' id='word_1_364' title='bbox 829 1146 861 1169; x_wconf 85' lang='lat' dir='ltr'>ad</span> <span class='ocrx_word' id='word_1_365' title='bbox 878 1154 952 1170; x_wconf 89' lang='lat' dir='ltr'>usum</span> <span class='ocrx_word' id='word_1_366' title='bbox 970 1147 1084 1170; x_wconf 83' lang='lat' dir='ltr'>aliorum.</span> <span class='ocrx_word' id='word_1_367' title='bbox 1120 1147 1147 1173; x_wconf 90' lang='lat' dir='ltr'>Si</span> <span class='ocrx_word' id='word_1_368' title='bbox 1166 1147 1222 1178; x_wconf 89' lang='lat' dir='ltr'>quis</span> <span class='ocrx_word' id='word_1_369' title='bbox 1240 1152 1324 1171; x_wconf 84' lang='lat' dir='ltr'>autem</span> <span class='ocrx_word' id='word_1_370' title='bbox 1342 1147 1383 1171; x_wconf 89' lang='lat' dir='ltr'>hic</span> <span class='ocrx_word' id='word_1_371' title='bbox 1400 1147 1483 1179; x_wconf 86' lang='lat' dir='ltr'>aliqua</span> <span class='ocrx_word' id='word_1_372' title='bbox 1501 1147 1631 1176; x_wconf 84' lang='lat' dir='ltr'>inuenerit,</span> <span class='ocrx_word' id='word_1_373' title='bbox 1655 1155 1705 1179; x_wconf 90' lang='lat' dir='ltr'>que</span> <span class='ocrx_word' id='word_1_374' title='bbox 1723 1148 1749 1171; x_wconf 91' lang='lat' dir='ltr'>in</span> <span class='ocrx_word' id='word_1_375' title='bbox 1766 1155 1810 1171; x_wconf 85' lang='lat' dir='ltr'>sua</span> <span class='ocrx_word' id='word_1_376' title='bbox 1826 1147 1830 1179; x_wconf 96' lang='grc' dir='ltr'>Ι</span> <span class='ocrx_word' id='word_1_377' title='bbox 1846 1147 1948 1171; x_wconf 85' lang='lat' dir='ltr'>ecclesia</span> 
     </span>
     <span class='ocr_line' id='line_1_23' title="bbox 99 1188 1948 1222; baseline 0.001 -10"><span class='ocrx_word' id='word_1_378' title='bbox 99 1197 149 1212; x_wconf 90' lang='lat' dir='ltr'>non</span> <span class='ocrx_word' id='word_1_379' title='bbox 174 1189 346 1217; x_wconf 86' lang='lat' dir='ltr'>obseruentur,</span> <span class='ocrx_word' id='word_1_380' title='bbox 370 1189 411 1212; x_wconf 91' lang='lat' dir='ltr'>uel</span> <span class='ocrx_word' id='word_1_381' title='bbox 435 1190 460 1212; x_wconf 89' lang='lat' dir='ltr'>in</span> <span class='ocrx_word' id='word_1_382' title='bbox 478 1197 522 1212; x_wconf 88' lang='lat' dir='ltr'>sua</span> <span class='ocrx_word' id='word_1_383' title='bbox 541 1188 643 1212; x_wconf 89' lang='lat' dir='ltr'>ecclesia</span> <span class='ocrx_word' id='word_1_384' title='bbox 662 1188 752 1220; x_wconf 85' lang='lat' dir='ltr'>aliqua,</span> <span class='ocrx_word' id='word_1_385' title='bbox 777 1196 827 1220; x_wconf 88' lang='lat' dir='ltr'>que</span> <span class='ocrx_word' id='word_1_386' title='bbox 844 1188 884 1213; x_wconf 79' lang='lat' dir='ltr'>hic</span> <span class='ocrx_word' id='word_1_387' title='bbox 902 1197 952 1213; x_wconf 90' lang='lat' dir='ltr'>non</span> <span class='ocrx_word' id='word_1_388' title='bbox 970 1189 1102 1219; x_wconf 79' lang='lat' dir='ltr'>habentur,</span> <span class='ocrx_word' id='word_1_389' title='bbox 1122 1198 1171 1214; x_wconf 89' lang='lat' dir='ltr'>non</span> <span class='ocrx_word' id='word_1_390' title='bbox 1187 1190 1191 1221; x_wconf 91' lang='grc' dir='ltr'>Ι</span> <span class='ocrx_word' id='word_1_391' title='bbox 1207 1190 1265 1214; x_wconf 89' lang='lat' dir='ltr'>ideo</span> <span class='ocrx_word' id='word_1_392' title='bbox 1283 1191 1394 1218; x_wconf 85' lang='lat' dir='ltr'>miretur.</span> <span class='ocrx_word' id='word_1_393' title='bbox 1413 1191 1472 1221; x_wconf 87' lang='lat' dir='ltr'>quia</span> <span class='ocrx_word' id='word_1_394' title='bbox 1489 1189 1530 1214; x_wconf 89' lang='lat' dir='ltr'>hic</span> <span class='ocrx_word' id='word_1_395' title='bbox 1547 1190 1650 1214; x_wconf 90' lang='lat' dir='ltr'>collecta</span> <span class='ocrx_word' id='word_1_396' title='bbox 1668 1198 1718 1214; x_wconf 93' lang='lat' dir='ltr'>non</span> <span class='ocrx_word' id='word_1_397' title='bbox 1737 1194 1876 1222; x_wconf 84' lang='lat' dir='ltr'>sequuntur</span> <span class='ocrx_word' id='word_1_398' title='bbox 1887 1190 1948 1214; x_wconf 84' lang='lat' dir='ltr'>ritus</span> 
     </span>
     <span class='ocr_line' id='line_1_24' title="bbox 100 1231 846 1264; baseline 0 -9"><span class='ocrx_word' id='word_1_399' title='bbox 100 1232 211 1255; x_wconf 89' lang='lat' dir='ltr'>locorum</span> <span class='ocrx_word' id='word_1_400' title='bbox 231 1232 358 1263; x_wconf 75' lang='lat' dir='ltr'>speciales.</span> <span class='ocrx_word' id='word_1_401' title='bbox 376 1232 421 1255; x_wconf 92' lang='lat' dir='ltr'>sed</span> <span class='ocrx_word' id='word_1_402' title='bbox 441 1231 634 1264; x_wconf 77' lang='lat' dir='ltr'>[communiores</span> <span class='ocrx_word' id='word_1_403' title='bbox 653 1235 679 1255; x_wconf 88' lang='lat' dir='ltr'>et</span> <span class='ocrx_word' id='word_1_404' title='bbox 696 1231 846 1256; x_wconf 79' lang='lat' dir='ltr'>usitatiores.</span> 
     </span>
    </p>
   </div>
   <div class='ocr_carea' id='block_1_14' title="bbox 99 1318 1948 1767">
    <p class='ocr_par' dir='ltr' id='par_1_14' title="bbox 99 1318 1948 1767">
     <span class='ocr_line' id='line_1_25' title="bbox 253 1318 1947 1358; baseline 0.001 -11"><span class='ocrx_word' id='word_1_405' title='bbox 253 1322 316 1356; x_wconf 87' lang='grc'>47.</span> <span class='ocrx_word' id='word_1_406' title='bbox 350 1318 445 1346; x_wconf 87' lang='lat' dir='ltr'>Vatic.</span> <span class='ocrx_word' id='word_1_407' title='bbox 469 1326 562 1355; x_wconf 83' lang='grc'>3543,</span> <span class='ocrx_word' id='word_1_408' title='bbox 585 1319 656 1347; x_wconf 91' lang='lat' dir='ltr'>olim</span> <span class='ocrx_word' id='word_1_409' title='bbox 680 1319 806 1347; x_wconf 86' lang='lat' dir='ltr'>fortasse</span> <span class='ocrx_word' id='word_1_410' title='bbox 829 1319 964 1347; x_wconf 87' lang='lat' dir='ltr'>tabularii</span> <span class='ocrx_word' id='word_1_411' title='bbox 987 1320 1104 1348; x_wconf 87' lang='lat' dir='ltr'>concilii</span> <span class='ocrx_word' id='word_1_412' title='bbox 1128 1320 1297 1348; x_wconf 87' lang='lat' dir='ltr'>Basiliensis</span> <span class='ocrx_word' id='word_1_413' title='bbox 1321 1319 1358 1358; x_wconf 92' lang='lat' dir='ltr'>(v.</span> <span class='ocrx_word' id='word_1_414' title='bbox 1371 1320 1396 1358; x_wconf 87' lang='lat' dir='ltr'>J.</span> <span class='ocrx_word' id='word_1_415' title='bbox 1415 1320 1563 1356; x_wconf 52' lang='lat' dir='ltr'>Harma,</span> <span class='ocrx_word' id='word_1_416' title='bbox 1587 1319 1754 1348; x_wconf 87' lang='lat' dir='ltr'>Concilium</span> <span class='ocrx_word' id='word_1_417' title='bbox 1777 1320 1947 1348; x_wconf 90' lang='lat' dir='ltr'>Basiliense.</span> 
     </span>
     <span class='ocr_line' id='line_1_26' title="bbox 100 1369 1948 1407; baseline 0.001 -10"><span class='ocrx_word' id='word_1_418' title='bbox 100 1370 195 1403; x_wconf 82' lang='lat' dir='ltr'>Basel,</span> <span class='ocrx_word' id='word_1_419' title='bbox 227 1370 240 1397; x_wconf 96' lang='grc' dir='ltr'>Ι</span> <span class='ocrx_word' id='word_1_420' title='bbox 265 1369 383 1407; x_wconf 87' lang='grc'>(1896),</span> <span class='ocrx_word' id='word_1_421' title='bbox 413 1379 441 1406; x_wconf 85' lang='grc'>3,</span> <span class='ocrx_word' id='word_1_422' title='bbox 472 1375 544 1398; x_wconf 84' lang='lat' dir='ltr'>nota</span> <span class='ocrx_word' id='word_1_423' title='bbox 569 1370 608 1407; x_wconf 87' lang='lat'>2),</span> <span class='ocrx_word' id='word_1_424' title='bbox 641 1371 753 1398; x_wconf 89' lang='lat' dir='ltr'>deinde</span> <span class='ocrx_word' id='word_1_425' title='bbox 782 1371 983 1399; x_wconf 86' lang='lat' dir='ltr'>bibliothecae</span> <span class='ocrx_word' id='word_1_426' title='bbox 1012 1371 1178 1399; x_wconf 86' lang='lat' dir='ltr'>Vaticanae</span> <span class='ocrx_word' id='word_1_427' title='bbox 1210 1374 1326 1399; x_wconf 87' lang='lat' dir='ltr'>‘munus</span> <span class='ocrx_word' id='word_1_428' title='bbox 1356 1380 1393 1399; x_wconf 86' lang='lat' dir='ltr'>ex</span> <span class='ocrx_word' id='word_1_429' title='bbox 1424 1376 1606 1399; x_wconf 88' lang='lat' dir='ltr'>testamento</span> <span class='ocrx_word' id='word_1_430' title='bbox 1636 1371 1762 1400; x_wconf 87' lang='lat' dir='ltr'>Antonii</span> <span class='ocrx_word' id='word_1_431' title='bbox 1791 1371 1948 1399; x_wconf 88' lang='lat' dir='ltr'>cardinalis</span> 
     </span>
     <span class='ocr_line' id='line_1_27' title="bbox 99 1421 1947 1460; baseline 0 -10"><span class='ocrx_word' id='word_1_432' title='bbox 99 1421 236 1455; x_wconf 79' lang='lat' dir='ltr'>Carafae,</span> <span class='ocrx_word' id='word_1_433' title='bbox 259 1421 483 1450; x_wconf 82' lang='lat' dir='ltr'>bibliothecarii’</span> <span class='ocrx_word' id='word_1_434' title='bbox 508 1422 740 1458; x_wconf 57' lang='grc'>(1585-1591,</span> <span class='ocrx_word' id='word_1_435' title='bbox 769 1432 794 1450; x_wconf 83' lang='grc' dir='ltr'>ν.</span> <span class='ocrx_word' id='word_1_436' title='bbox 818 1423 836 1450; x_wconf 82' lang='lat' dir='ltr'>f.</span> <span class='ocrx_word' id='word_1_437' title='bbox 865 1433 875 1452; x_wconf 87' lang='lat'>1</span> <span class='ocrx_word' id='word_1_438' title='bbox 903 1427 932 1450; x_wconf 91' lang='lat' dir='ltr'>et</span> <span class='ocrx_word' id='word_1_439' title='bbox 955 1423 982 1451; x_wconf 82' lang='lat' dir='ltr'>S.</span> <span class='ocrx_word' id='word_1_440' title='bbox 1007 1422 1040 1450; x_wconf 89' lang='lat' dir='ltr'>E.</span> <span class='ocrx_word' id='word_1_441' title='bbox 1065 1427 1094 1451; x_wconf 85' lang='lat' dir='ltr'>et</span> <span class='ocrx_word' id='word_1_442' title='bbox 1113 1422 1138 1460; x_wconf 95' lang='lat' dir='ltr'>J.</span> <span class='ocrx_word' id='word_1_443' title='bbox 1162 1423 1189 1451; x_wconf 90' lang='lat' dir='ltr'>S.</span> <span class='ocrx_word' id='word_1_444' title='bbox 1214 1422 1422 1456; x_wconf 78' lang='lat' dir='ltr'>ASSEMANUS,</span> <span class='ocrx_word' id='word_1_445' title='bbox 1446 1423 1520 1450; x_wconf 90' lang='lat' dir='ltr'>Bibl.</span> <span class='ocrx_word' id='word_1_446' title='bbox 1544 1422 1638 1451; x_wconf 87' lang='lat' dir='ltr'>Vatic.</span> <span class='ocrx_word' id='word_1_447' title='bbox 1662 1423 1750 1451; x_wconf 89' lang='lat' dir='ltr'>codd.</span> <span class='ocrx_word' id='word_1_448' title='bbox 1774 1432 1842 1451; x_wconf 87' lang='lat' dir='ltr'>mss.</span> <span class='ocrx_word' id='word_1_449' title='bbox 1866 1427 1947 1450; x_wconf 87' lang='lat' dir='ltr'>cata-</span> 
     </span>
     <span class='ocr_line' id='line_1_28' title="bbox 99 1471 1947 1512; baseline 0.001 -12"><span class='ocrx_word' id='word_1_450' title='bbox 99 1472 190 1510; x_wconf 87' lang='lat' dir='ltr'>logus.</span> <span class='ocrx_word' id='word_1_451' title='bbox 215 1472 339 1507; x_wconf 87' lang='lat' dir='ltr'>Romae,</span> <span class='ocrx_word' id='word_1_452' title='bbox 364 1473 379 1501; x_wconf 93' lang='lat' dir='ltr'>I</span> <span class='ocrx_word' id='word_1_453' title='bbox 396 1471 514 1512; x_wconf 87' lang='grc'>(1756),</span> <span class='ocrx_word' id='word_1_454' title='bbox 538 1482 565 1510; x_wconf 86' lang='lat' dir='ltr'>p.</span> <span class='ocrx_word' id='word_1_455' title='bbox 582 1473 705 1503; x_wconf 76' lang='lat' dir='ltr'>LXIVJ.</span> <span class='ocrx_word' id='word_1_456' title='bbox 772 1481 832 1510; x_wconf 85' lang='grc'>353</span> <span class='ocrx_word' id='word_1_457' title='bbox 850 1476 883 1509; x_wconf 91' lang='grc'>&gt;&lt;</span> <span class='ocrx_word' id='word_1_458' title='bbox 900 1473 960 1502; x_wconf 83' lang='lat'>268</span> <span class='ocrx_word' id='word_1_459' title='bbox 976 1483 1055 1508; x_wconf 64' lang='lat' dir='ltr'>mm„</span> <span class='ocrx_word' id='word_1_460' title='bbox 1078 1475 1108 1502; x_wconf 83' lang='lat' dir='ltr'>ff.</span> <span class='ocrx_word' id='word_1_461' title='bbox 1126 1482 1174 1511; x_wconf 89' lang='grc'>91.</span> <span class='ocrx_word' id='word_1_462' title='bbox 1188 1491 1228 1494; x_wconf 88' lang='lat'>-</span> <span class='ocrx_word' id='word_1_463' title='bbox 1242 1474 1331 1502; x_wconf 89' lang='lat' dir='ltr'>Liber</span> <span class='ocrx_word' id='word_1_464' title='bbox 1354 1474 1487 1502; x_wconf 84' lang='lat' dir='ltr'>continet</span> <span class='ocrx_word' id='word_1_465' title='bbox 1511 1474 1660 1511; x_wconf 83' lang='lat' dir='ltr'>‘epistolas</span> <span class='ocrx_word' id='word_1_466' title='bbox 1683 1479 1712 1502; x_wconf 91' lang='lat' dir='ltr'>et</span> <span class='ocrx_word' id='word_1_467' title='bbox 1728 1474 1947 1511; x_wconf 88' lang='lat' dir='ltr'>responsiones’</span> 
     </span>
     <span class='ocr_line' id='line_1_29' title="bbox 100 1523 1948 1563; baseline 0.001 -12"><span class='ocrx_word' id='word_1_468' title='bbox 100 1524 248 1560; x_wconf 88' lang='lat' dir='ltr'>quasdam</span> <span class='ocrx_word' id='word_1_469' title='bbox 271 1533 288 1551; x_wconf 91' lang='lat' dir='ltr'>a</span> <span class='ocrx_word' id='word_1_470' title='bbox 304 1523 440 1552; x_wconf 87' lang='lat' dir='ltr'>Concilio</span> <span class='ocrx_word' id='word_1_471' title='bbox 463 1525 557 1558; x_wconf 78' lang='lat' dir='ltr'>datas,</span> <span class='ocrx_word' id='word_1_472' title='bbox 582 1533 657 1562; x_wconf 87' lang='lat' dir='ltr'>quas</span> <span class='ocrx_word' id='word_1_473' title='bbox 674 1524 804 1553; x_wconf 89' lang='lat' dir='ltr'>Michael</span> <span class='ocrx_word' id='word_1_474' title='bbox 821 1524 942 1559; x_wconf 89' lang='lat' dir='ltr'>Galteri,</span> <span class='ocrx_word' id='word_1_475' title='bbox 966 1525 1102 1554; x_wconf 88' lang='lat' dir='ltr'>Concilio</span> <span class='ocrx_word' id='word_1_476' title='bbox 1125 1527 1163 1554; x_wconf 91' lang='lat' dir='ltr'>ab</span> <span class='ocrx_word' id='word_1_477' title='bbox 1186 1526 1267 1559; x_wconf 84' lang='lat' dir='ltr'>actis,</span> <span class='ocrx_word' id='word_1_478' title='bbox 1291 1526 1463 1554; x_wconf 86' lang='lat' dir='ltr'>emendavit</span> <span class='ocrx_word' id='word_1_479' title='bbox 1486 1530 1514 1553; x_wconf 91' lang='lat' dir='ltr'>et</span> <span class='ocrx_word' id='word_1_480' title='bbox 1537 1526 1754 1554; x_wconf 87' lang='lat' dir='ltr'>subscribendo</span> <span class='ocrx_word' id='word_1_481' title='bbox 1770 1526 1948 1563; x_wconf 88' lang='lat' dir='ltr'>approbavit</span> 
     </span>
     <span class='ocr_line' id='line_1_30' title="bbox 101 1574 1947 1614; baseline 0.001 -12"><span class='ocrx_word' id='word_1_482' title='bbox 101 1574 137 1612; x_wconf 83' lang='lat' dir='ltr'>(V.</span> <span class='ocrx_word' id='word_1_483' title='bbox 162 1575 180 1602; x_wconf 85' lang='lat' dir='ltr'>f.</span> <span class='ocrx_word' id='word_1_484' title='bbox 204 1576 273 1612; x_wconf 82' lang='grc'>91);</span> <span class='ocrx_word' id='word_1_485' title='bbox 306 1584 399 1612; x_wconf 88' lang='lat' dir='ltr'>quare</span> <span class='ocrx_word' id='word_1_486' title='bbox 429 1584 510 1603; x_wconf 89' lang='lat' dir='ltr'>anno</span> <span class='ocrx_word' id='word_1_487' title='bbox 539 1583 616 1612; x_wconf 83' lang='grc'>1445</span> <span class='ocrx_word' id='word_1_488' title='bbox 641 1576 687 1604; x_wconf 86' lang='lat' dir='ltr'>vel</span> <span class='ocrx_word' id='word_1_489' title='bbox 718 1576 818 1613; x_wconf 89' lang='lat' dir='ltr'>paullo</span> <span class='ocrx_word' id='word_1_490' title='bbox 849 1581 916 1613; x_wconf 91' lang='lat' dir='ltr'>post</span> <span class='ocrx_word' id='word_1_491' title='bbox 947 1581 1016 1604; x_wconf 91' lang='lat' dir='ltr'>sunt</span> <span class='ocrx_word' id='word_1_492' title='bbox 1043 1582 1190 1605; x_wconf 85' lang='lat' dir='ltr'>exaratae.</span> <span class='ocrx_word' id='word_1_493' title='bbox 1236 1577 1385 1605; x_wconf 83' lang='lat' dir='ltr'>Librarius</span> <span class='ocrx_word' id='word_1_494' title='bbox 1408 1586 1478 1605; x_wconf 89' lang='lat' dir='ltr'>usus</span> <span class='ocrx_word' id='word_1_495' title='bbox 1502 1581 1546 1605; x_wconf 85' lang='lat' dir='ltr'>est</span> <span class='ocrx_word' id='word_1_496' title='bbox 1569 1577 1712 1614; x_wconf 87' lang='lat' dir='ltr'>scriptura</span> <span class='ocrx_word' id='word_1_497' title='bbox 1734 1576 1947 1605; x_wconf 85' lang='lat' dir='ltr'>humanistica-</span> 
     </span>
     <span class='ocr_line' id='line_1_31' title="bbox 99 1626 1947 1665; baseline 0.002 -12"><span class='ocrx_word' id='word_1_498' title='bbox 99 1626 223 1660; x_wconf 87' lang='lat' dir='ltr'>cursiva,</span> <span class='ocrx_word' id='word_1_499' title='bbox 253 1627 301 1654; x_wconf 91' lang='lat' dir='ltr'>illa</span> <span class='ocrx_word' id='word_1_500' title='bbox 331 1627 469 1654; x_wconf 86' lang='lat' dir='ltr'>nimirum</span> <span class='ocrx_word' id='word_1_501' title='bbox 501 1636 559 1664; x_wconf 86' lang='lat' dir='ltr'>qua</span> <span class='ocrx_word' id='word_1_502' title='bbox 584 1627 699 1656; x_wconf 87' lang='lat' dir='ltr'>tabulas</span> <span class='ocrx_word' id='word_1_503' title='bbox 726 1628 825 1664; x_wconf 89' lang='lat' dir='ltr'>potius</span> <span class='ocrx_word' id='word_1_504' title='bbox 849 1637 939 1664; x_wconf 89' lang='lat' dir='ltr'>quam</span> <span class='ocrx_word' id='word_1_505' title='bbox 963 1628 1053 1656; x_wconf 91' lang='lat' dir='ltr'>libros</span> <span class='ocrx_word' id='word_1_506' title='bbox 1076 1628 1312 1657; x_wconf 82' lang='lat' dir='ltr'>conscribebant.</span> <span class='ocrx_word' id='word_1_507' title='bbox 1337 1644 1377 1647; x_wconf 87' lang='lat'>—</span> <span class='ocrx_word' id='word_1_508' title='bbox 1401 1628 1433 1656; x_wconf 87' lang='lat' dir='ltr'>F.</span> <span class='ocrx_word' id='word_1_509' title='bbox 1459 1636 1507 1665; x_wconf 85' lang='grc'>55,</span> <span class='ocrx_word' id='word_1_510' title='bbox 1532 1628 1614 1665; x_wconf 91' lang='lat' dir='ltr'>quod</span> <span class='ocrx_word' id='word_1_511' title='bbox 1637 1628 1803 1665; x_wconf 85' lang='lat' dir='ltr'>selegimus,</span> <span class='ocrx_word' id='word_1_512' title='bbox 1827 1628 1947 1656; x_wconf 81' lang='lat' dir='ltr'>exhibet</span> 
     </span>
     <span class='ocr_line' id='line_1_32' title="bbox 100 1678 1947 1717; baseline 0.001 -11"><span class='ocrx_word' id='word_1_513' title='bbox 100 1678 274 1714; x_wconf 86' lang='lat' dir='ltr'>particulam</span> <span class='ocrx_word' id='word_1_514' title='bbox 305 1679 449 1715; x_wconf 88' lang='lat' dir='ltr'>epistolae</span> <span class='ocrx_word' id='word_1_515' title='bbox 479 1688 496 1706; x_wconf 83' lang='lat' dir='ltr'>a</span> <span class='ocrx_word' id='word_1_516' title='bbox 526 1678 659 1707; x_wconf 90' lang='lat' dir='ltr'>Concilio</span> <span class='ocrx_word' id='word_1_517' title='bbox 692 1679 741 1706; x_wconf 90' lang='lat' dir='ltr'>die</span> <span class='ocrx_word' id='word_1_518' title='bbox 765 1687 805 1707; x_wconf 91' lang='lat'>20</span> <span class='ocrx_word' id='word_1_519' title='bbox 824 1679 963 1707; x_wconf 86' lang='lat' dir='ltr'>februarii</span> <span class='ocrx_word' id='word_1_520' title='bbox 991 1687 1069 1717; x_wconf 72' lang='lat'>1430</span> <span class='ocrx_word' id='word_1_521' title='bbox 1101 1680 1198 1713; x_wconf 86' lang='lat' dir='ltr'>datae,</span> <span class='ocrx_word' id='word_1_522' title='bbox 1231 1688 1322 1716; x_wconf 84' lang='lat' dir='ltr'>quam</span> <span class='ocrx_word' id='word_1_523' title='bbox 1352 1679 1446 1707; x_wconf 88' lang='lat' dir='ltr'>habes</span> <span class='ocrx_word' id='word_1_524' title='bbox 1477 1679 1507 1707; x_wconf 90' lang='lat' dir='ltr'>in</span> <span class='ocrx_word' id='word_1_525' title='bbox 1530 1679 1778 1713; x_wconf 57' lang='lat' dir='ltr'>LABBE-Mansr,</span> <span class='ocrx_word' id='word_1_526' title='bbox 1802 1678 1947 1708; x_wconf 89' lang='lat' dir='ltr'>Collectio</span> 
     </span>
     <span class='ocr_line' id='line_1_33' title="bbox 101 1728 1685 1767; baseline 0.001 -11"><span class='ocrx_word' id='word_1_527' title='bbox 101 1728 310 1757; x_wconf 87' lang='lat' dir='ltr'>Conciliorum.</span> <span class='ocrx_word' id='word_1_528' title='bbox 334 1729 452 1763; x_wconf 87' lang='lat' dir='ltr'>XXIX,</span> <span class='ocrx_word' id='word_1_529' title='bbox 476 1729 643 1766; x_wconf 79' lang='lat'>326—327</span> <span class='ocrx_word' id='word_1_530' title='bbox 669 1734 698 1758; x_wconf 87' lang='lat' dir='ltr'>et</span> <span class='ocrx_word' id='word_1_531' title='bbox 721 1731 756 1758; x_wconf 84' lang='lat' dir='ltr'>cf.</span> <span class='ocrx_word' id='word_1_532' title='bbox 781 1729 817 1758; x_wconf 93' lang='lat' dir='ltr'>G.</span> <span class='ocrx_word' id='word_1_533' title='bbox 837 1730 1034 1763; x_wconf 75' lang='lat' dir='ltr'>BECKMANN,</span> <span class='ocrx_word' id='word_1_534' title='bbox 1058 1730 1225 1759; x_wconf 84' lang='lat' dir='ltr'>Concilium</span> <span class='ocrx_word' id='word_1_535' title='bbox 1250 1730 1420 1759; x_wconf 85' lang='lat' dir='ltr'>Basiliense.</span> <span class='ocrx_word' id='word_1_536' title='bbox 1444 1730 1497 1763; x_wconf 82' lang='lat' dir='ltr'>VI,</span> <span class='ocrx_word' id='word_1_537' title='bbox 1522 1738 1591 1767; x_wconf 78' lang='lat'>327,</span> <span class='ocrx_word' id='word_1_538' title='bbox 1616 1739 1685 1767; x_wconf 86' lang='grc'>334.</span> 
     </span>
    </p>
   </div>
   <div class='ocr_carea' id='block_1_15' title="bbox 99 1819 1947 2169">
    <p class='ocr_par' dir='ltr' id='par_1_15' title="bbox 99 1819 1947 2169">
     <span class='ocr_line' id='line_1_34' title="bbox 253 1819 1947 1863; baseline 0.001 -11"><span class='ocrx_word' id='word_1_539' title='bbox 253 1819 316 1860; x_wconf 91' lang='lat'>48.</span> <span class='ocrx_word' id='word_1_540' title='bbox 350 1823 445 1851; x_wconf 84' lang='lat' dir='ltr'>Vatie.</span> <span class='ocrx_word' id='word_1_541' title='bbox 469 1831 485 1859; x_wconf 85' lang='grc'>3</span> <span class='ocrx_word' id='word_1_542' title='bbox 492 1831 561 1861; x_wconf 82' lang='grc'>331,</span> <span class='ocrx_word' id='word_1_543' title='bbox 592 1823 662 1851; x_wconf 92' lang='lat' dir='ltr'>olim</span> <span class='ocrx_word' id='word_1_544' title='bbox 690 1823 783 1851; x_wconf 89' lang='lat' dir='ltr'>Fulvii</span> <span class='ocrx_word' id='word_1_545' title='bbox 816 1823 916 1852; x_wconf 87' lang='lat' dir='ltr'>Ursini</span> <span class='ocrx_word' id='word_1_546' title='bbox 941 1822 980 1862; x_wconf 83' lang='lat' dir='ltr'>(v</span> <span class='ocrx_word' id='word_1_547' title='bbox 1003 1824 1021 1852; x_wconf 90' lang='lat' dir='ltr'>f.</span> <span class='ocrx_word' id='word_1_548' title='bbox 1047 1823 1090 1861; x_wconf 92' lang='grc' dir='ltr'>ΙΙ)</span> <span class='ocrx_word' id='word_1_549' title='bbox 1122 1829 1151 1852; x_wconf 90' lang='lat' dir='ltr'>et</span> <span class='ocrx_word' id='word_1_550' title='bbox 1181 1829 1271 1852; x_wconf 90' lang='lat' dir='ltr'>antea</span> <span class='ocrx_word' id='word_1_551' title='bbox 1295 1824 1439 1853; x_wconf 87' lang='lat' dir='ltr'>Bemardi</span> <span class='ocrx_word' id='word_1_552' title='bbox 1463 1825 1577 1858; x_wconf 89' lang='lat' dir='ltr'>Bembi,</span> <span class='ocrx_word' id='word_1_553' title='bbox 1611 1829 1643 1852; x_wconf 77' lang='lat' dir='ltr'>ut</span> <span class='ocrx_word' id='word_1_554' title='bbox 1667 1834 1704 1853; x_wconf 89' lang='lat' dir='ltr'>ex</span> <span class='ocrx_word' id='word_1_555' title='bbox 1728 1825 1832 1862; x_wconf 89' lang='lat' dir='ltr'>glossis</span> <span class='ocrx_word' id='word_1_556' title='bbox 1855 1825 1947 1863; x_wconf 91' lang='lat' dir='ltr'>ipsius</span> 
     </span>
     <span class='ocr_line' id='line_1_35' title="bbox 100 1874 1946 1914; baseline 0.002 -13"><span class='ocrx_word' id='word_1_557' title='bbox 100 1874 292 1911; x_wconf 86' lang='lat' dir='ltr'>autographis</span> <span class='ocrx_word' id='word_1_558' title='bbox 315 1874 427 1911; x_wconf 89' lang='lat' dir='ltr'>passim</span> <span class='ocrx_word' id='word_1_559' title='bbox 450 1875 673 1903; x_wconf 86' lang='lat' dir='ltr'>occurrentibus</span> <span class='ocrx_word' id='word_1_560' title='bbox 695 1880 828 1912; x_wconf 87' lang='lat' dir='ltr'>apparet,</span> <span class='ocrx_word' id='word_1_561' title='bbox 853 1880 990 1903; x_wconf 90' lang='lat' dir='ltr'>exaratus</span> <span class='ocrx_word' id='word_1_562' title='bbox 1013 1880 1057 1904; x_wconf 88' lang='lat' dir='ltr'>est</span> <span class='ocrx_word' id='word_1_563' title='bbox 1079 1885 1127 1903; x_wconf 91' lang='lat' dir='ltr'>an.</span> <span class='ocrx_word' id='word_1_564' title='bbox 1148 1883 1225 1912; x_wconf 78' lang='grc'>1453</span> <span class='ocrx_word' id='word_1_565' title='bbox 1248 1875 1286 1906; x_wconf 79' lang='lat' dir='ltr'>(v,</span> <span class='ocrx_word' id='word_1_566' title='bbox 1303 1877 1321 1903; x_wconf 84' lang='lat' dir='ltr'>f.</span> <span class='ocrx_word' id='word_1_567' title='bbox 1343 1875 1430 1913; x_wconf 63' lang='lat' dir='ltr'>mov)</span> <span class='ocrx_word' id='word_1_568' title='bbox 1447 1885 1466 1903; x_wconf 89' lang='lat' dir='ltr'>a</span> <span class='ocrx_word' id='word_1_569' title='bbox 1482 1875 1594 1913; x_wconf 87' lang='lat' dir='ltr'>Poggio</span> <span class='ocrx_word' id='word_1_570' title='bbox 1612 1876 1786 1904; x_wconf 89' lang='lat' dir='ltr'>Bracciolini</span> <span class='ocrx_word' id='word_1_571' title='bbox 1803 1876 1841 1914; x_wconf 81' lang='lat' dir='ltr'>(V.</span> <span class='ocrx_word' id='word_1_572' title='bbox 1858 1877 1875 1904; x_wconf 90' lang='lat' dir='ltr'>f.</span> <span class='ocrx_word' id='word_1_573' title='bbox 1893 1876 1946 1912; x_wconf 91' lang='grc' dir='ltr'>ΙΙ).</span> 
     </span>
     <span class='ocr_line' id='line_1_36' title="bbox 101 1925 1946 1964; baseline 0.002 -12"><span class='ocrx_word' id='word_1_574' title='bbox 101 1925 281 1962; x_wconf 86' lang='lat' dir='ltr'>Exemplum</span> <span class='ocrx_word' id='word_1_575' title='bbox 313 1926 439 1962; x_wconf 88' lang='lat' dir='ltr'>praebet</span> <span class='ocrx_word' id='word_1_576' title='bbox 471 1926 647 1963; x_wconf 85' lang='lat' dir='ltr'>scripturae,</span> <span class='ocrx_word' id='word_1_577' title='bbox 685 1935 745 1964; x_wconf 85' lang='lat' dir='ltr'>qua</span> <span class='ocrx_word' id='word_1_578' title='bbox 777 1926 886 1955; x_wconf 84' lang='lat' dir='ltr'>librarii</span> <span class='ocrx_word' id='word_1_579' title='bbox 921 1926 1082 1955; x_wconf 88' lang='lat' dir='ltr'>Florentini</span> <span class='ocrx_word' id='word_1_580' title='bbox 1116 1927 1236 1955; x_wconf 88' lang='lat' dir='ltr'>saeculo</span> <span class='ocrx_word' id='word_1_581' title='bbox 1260 1927 1318 1954; x_wconf 89' lang='lat' dir='ltr'>XV</span> <span class='ocrx_word' id='word_1_582' title='bbox 1352 1927 1519 1955; x_wconf 88' lang='lat' dir='ltr'>utebantur.</span> <span class='ocrx_word' id='word_1_583' title='bbox 1629 1935 1691 1964; x_wconf 87' lang='grc'>355</span> <span class='ocrx_word' id='word_1_584' title='bbox 1716 1930 1749 1963; x_wconf 94' lang='grc'>&gt;&lt;</span> <span class='ocrx_word' id='word_1_585' title='bbox 1776 1935 1834 1964; x_wconf 83' lang='grc'>245</span> <span class='ocrx_word' id='word_1_586' title='bbox 1867 1937 1946 1961; x_wconf 65' lang='lat' dir='ltr'>mm„</span> 
     </span>
     <span class='ocr_line' id='line_1_37' title="bbox 100 1975 1946 2014; baseline 0.001 -10"><span class='ocrx_word' id='word_1_587' title='bbox 100 1977 129 2004; x_wconf 87' lang='lat' dir='ltr'>ff.</span> <span class='ocrx_word' id='word_1_588' title='bbox 147 1975 212 2013; x_wconf 89' lang='grc'>196.</span> <span class='ocrx_word' id='word_1_589' title='bbox 229 1993 269 1996; x_wconf 90' lang='grc'><strong>-</strong></span> <span class='ocrx_word' id='word_1_590' title='bbox 286 1977 429 2005; x_wconf 86' lang='lat' dir='ltr'>Continet</span> <span class='ocrx_word' id='word_1_591' title='bbox 443 1977 478 2005; x_wconf 88' lang='lat' dir='ltr'>T.</span> <span class='ocrx_word' id='word_1_592' title='bbox 496 1977 559 2005; x_wconf 92' lang='lat' dir='ltr'>Livi</span> <span class='ocrx_word' id='word_1_593' title='bbox 579 1978 669 2006; x_wconf 87' lang='lat' dir='ltr'>libros</span> <span class='ocrx_word' id='word_1_594' title='bbox 685 1977 901 2005; x_wconf 89' lang='lat' dir='ltr'>XXXI—XL.</span> <span class='ocrx_word' id='word_1_595' title='bbox 940 1977 1033 2013; x_wconf 85' lang='lat' dir='ltr'>Quod</span> <span class='ocrx_word' id='word_1_596' title='bbox 1057 1978 1233 2006; x_wconf 84' lang='lat' dir='ltr'>exhibemus</span> <span class='ocrx_word' id='word_1_597' title='bbox 1257 1978 1304 2006; x_wconf 82' lang='lat' dir='ltr'>fol.</span> <span class='ocrx_word' id='word_1_598' title='bbox 1327 1977 1411 2014; x_wconf 48' lang='grc' dir='ltr'>156ῗ,</span> <span class='ocrx_word' id='word_1_599' title='bbox 1434 1978 1525 2006; x_wconf 85' lang='lat' dir='ltr'>finem</span> <span class='ocrx_word' id='word_1_600' title='bbox 1549 1979 1682 2006; x_wconf 86' lang='lat' dir='ltr'>continet</span> <span class='ocrx_word' id='word_1_601' title='bbox 1704 1979 1752 2006; x_wconf 93' lang='lat' dir='ltr'>lib.</span> <span class='ocrx_word' id='word_1_602' title='bbox 1773 1978 1946 2007; x_wconf 87' lang='lat' dir='ltr'>XXXVIII</span> 
     </span>
     <span class='ocr_line' id='line_1_38' title="bbox 100 2028 1946 2068; baseline 0.001 -13"><span class='ocrx_word' id='word_1_603' title='bbox 100 2032 128 2055; x_wconf 85' lang='lat' dir='ltr'>et</span> <span class='ocrx_word' id='word_1_604' title='bbox 151 2028 329 2065; x_wconf 81' lang='lat' dir='ltr'>principium</span> <span class='ocrx_word' id='word_1_605' title='bbox 352 2029 399 2056; x_wconf 91' lang='lat' dir='ltr'>lib.</span> <span class='ocrx_word' id='word_1_606' title='bbox 422 2028 563 2056; x_wconf 85' lang='lat' dir='ltr'>XXXIX</span> <span class='ocrx_word' id='word_1_607' title='bbox 587 2028 646 2066; x_wconf 90' lang='lat' dir='ltr'>(ed.</span> <span class='ocrx_word' id='word_1_608' title='bbox 663 2028 912 2063; x_wconf 51' lang='lat' dir='ltr'>Wmssannonrz,</span> <span class='ocrx_word' id='word_1_609' title='bbox 935 2029 980 2057; x_wconf 91' lang='lat' dir='ltr'>IV</span> <span class='ocrx_word' id='word_1_610' title='bbox 997 2037 1056 2068; x_wconf 82' lang='grc'>375</span> <span class='ocrx_word' id='word_1_611' title='bbox 1083 2034 1113 2057; x_wconf 91' lang='lat' dir='ltr'>et</span> <span class='ocrx_word' id='word_1_612' title='bbox 1128 2029 1164 2063; x_wconf 91' lang='lat' dir='ltr'>V,</span> <span class='ocrx_word' id='word_1_613' title='bbox 1193 2028 1228 2067; x_wconf 93' lang='lat'>1).</span> <span class='ocrx_word' id='word_1_614' title='bbox 1275 2029 1320 2058; x_wconf 86' lang='lat' dir='ltr'>Cf.</span> <span class='ocrx_word' id='word_1_615' title='bbox 1343 2037 1385 2057; x_wconf 81' lang='lat' dir='ltr'>DE</span> <span class='ocrx_word' id='word_1_616' title='bbox 1408 2029 1558 2064; x_wconf 61' lang='lat' dir='ltr'>Nommc,</span> <span class='ocrx_word' id='word_1_617' title='bbox 1581 2029 1625 2057; x_wconf 89' lang='lat' dir='ltr'>La</span> <span class='ocrx_word' id='word_1_618' title='bbox 1646 2030 1720 2058; x_wconf 84' lang='lat' dir='ltr'>Bibl.</span> <span class='ocrx_word' id='word_1_619' title='bbox 1743 2030 1782 2058; x_wconf 90' lang='lat' dir='ltr'>de</span> <span class='ocrx_word' id='word_1_620' title='bbox 1798 2030 1830 2058; x_wconf 88' lang='lat' dir='ltr'>F.</span> <span class='ocrx_word' id='word_1_621' title='bbox 1847 2029 1946 2058; x_wconf 89' lang='lat' dir='ltr'>Orsini</span> 
     </span>
     <span class='ocr_line' id='line_1_39' title="bbox 99 2079 1946 2117; baseline 0.002 -11"><span class='ocrx_word' id='word_1_622' title='bbox 99 2087 148 2115; x_wconf 94' lang='lat' dir='ltr'>pp.</span> <span class='ocrx_word' id='word_1_623' title='bbox 170 2087 227 2115; x_wconf 92' lang='grc'>119</span> <span class='ocrx_word' id='word_1_624' title='bbox 251 2083 280 2107; x_wconf 92' lang='lat' dir='ltr'>et</span> <span class='ocrx_word' id='word_1_625' title='bbox 308 2087 373 2116; x_wconf 83' lang='grc'>194.</span> <span class='ocrx_word' id='word_1_626' title='bbox 418 2079 577 2117; x_wconf 87' lang='lat' dir='ltr'>Specimen</span> <span class='ocrx_word' id='word_1_627' title='bbox 601 2080 681 2107; x_wconf 88' lang='lat' dir='ltr'>aliud</span> <span class='ocrx_word' id='word_1_628' title='bbox 705 2080 792 2108; x_wconf 88' lang='lat' dir='ltr'>huius</span> <span class='ocrx_word' id='word_1_629' title='bbox 815 2080 927 2108; x_wconf 88' lang='lat' dir='ltr'>codicis</span> <span class='ocrx_word' id='word_1_630' title='bbox 950 2080 1044 2108; x_wconf 87' lang='lat' dir='ltr'>habes</span> <span class='ocrx_word' id='word_1_631' title='bbox 1068 2081 1099 2108; x_wconf 88' lang='lat' dir='ltr'>in</span> <span class='ocrx_word' id='word_1_632' title='bbox 1122 2088 1165 2108; x_wconf 82' lang='lat' dir='ltr'>DE</span> <span class='ocrx_word' id='word_1_633' title='bbox 1181 2081 1323 2108; x_wconf 81' lang='lat' dir='ltr'>NOLHAc</span> <span class='ocrx_word' id='word_1_634' title='bbox 1342 2081 1356 2108; x_wconf 97' lang='grc'>1.</span> <span class='ocrx_word' id='word_1_635' title='bbox 1373 2090 1397 2109; x_wconf 89' lang='lat' dir='ltr'>c.</span> <span class='ocrx_word' id='word_1_636' title='bbox 1415 2081 1473 2109; x_wconf 90' lang='lat' dir='ltr'>tab.</span> <span class='ocrx_word' id='word_1_637' title='bbox 1492 2081 1514 2115; x_wconf 83' lang='grc' dir='ltr'>Ι,</span> <span class='ocrx_word' id='word_1_638' title='bbox 1532 2089 1565 2116; x_wconf 87' lang='lat'>2;</span> <span class='ocrx_word' id='word_1_639' title='bbox 1589 2081 1669 2108; x_wconf 84' lang='lat' dir='ltr'>aliud</span> <span class='ocrx_word' id='word_1_640' title='bbox 1692 2081 1812 2109; x_wconf 84' lang='lat' dir='ltr'>alterius</span> <span class='ocrx_word' id='word_1_641' title='bbox 1835 2081 1946 2109; x_wconf 87' lang='lat' dir='ltr'>codicis</span> 
     </span>
     <span class='ocr_line' id='line_1_40' title="bbox 100 2129 1861 2169; baseline 0.001 -11"><span class='ocrx_word' id='word_1_642' title='bbox 100 2129 302 2166; x_wconf 78' lang='lat' dir='ltr'>(Laurentian.</span> <span class='ocrx_word' id='word_1_643' title='bbox 328 2130 401 2158; x_wconf 88' lang='lat' dir='ltr'>Plut.</span> <span class='ocrx_word' id='word_1_644' title='bbox 425 2131 503 2159; x_wconf 87' lang='lat' dir='ltr'>XIX</span> <span class='ocrx_word' id='word_1_645' title='bbox 526 2141 554 2158; x_wconf 95' lang='lat' dir='ltr'>n.</span> <span class='ocrx_word' id='word_1_646' title='bbox 580 2130 631 2169; x_wconf 77' lang='lat'>24)</span> <span class='ocrx_word' id='word_1_647' title='bbox 654 2132 693 2159; x_wconf 91' lang='lat' dir='ltr'>ab</span> <span class='ocrx_word' id='word_1_648' title='bbox 717 2132 826 2160; x_wconf 90' lang='lat' dir='ltr'>eodem</span> <span class='ocrx_word' id='word_1_649' title='bbox 850 2131 962 2169; x_wconf 82' lang='lat' dir='ltr'>Poggio</span> <span class='ocrx_word' id='word_1_650' title='bbox 985 2132 1144 2169; x_wconf 82' lang='lat' dir='ltr'>conscripti</span> <span class='ocrx_word' id='word_1_651' title='bbox 1167 2132 1275 2160; x_wconf 85' lang='lat' dir='ltr'>videsis</span> <span class='ocrx_word' id='word_1_652' title='bbox 1297 2132 1379 2169; x_wconf 88' lang='lat' dir='ltr'>apud</span> <span class='ocrx_word' id='word_1_653' title='bbox 1402 2131 1662 2165; x_wconf 72' lang='lat' dir='ltr'>ARNDT-TANGL,</span> <span class='ocrx_word' id='word_1_654' title='bbox 1686 2132 1745 2160; x_wconf 85' lang='lat' dir='ltr'>tab.</span> <span class='ocrx_word' id='word_1_655' title='bbox 1769 2140 1810 2168; x_wconf 90' lang='grc' dir='ltr'>3ο</span> <span class='ocrx_word' id='word_1_656' title='bbox 1826 2132 1861 2160; x_wconf 90' lang='lat' dir='ltr'>A.</span> 
     </span>
    </p>
   </div>
   <div class='ocr_carea' id='block_1_16' title="bbox 100 2224 1946 2519">
    <p class='ocr_par' dir='ltr' id='par_1_16' title="bbox 100 2224 1946 2519">
     <span class='ocr_line' id='line_1_41' title="bbox 253 2224 1946 2263; baseline 0.001 -11"><span class='ocrx_word' id='word_1_657' title='bbox 253 2229 316 2263; x_wconf 90' lang='lat'>49.</span> <span class='ocrx_word' id='word_1_658' title='bbox 351 2224 455 2262; x_wconf 88' lang='lat' dir='ltr'>Regin.</span> <span class='ocrx_word' id='word_1_659' title='bbox 481 2233 550 2261; x_wconf 85' lang='grc'>313,</span> <span class='ocrx_word' id='word_1_660' title='bbox 580 2234 627 2253; x_wconf 90' lang='lat' dir='ltr'>an.</span> <span class='ocrx_word' id='word_1_661' title='bbox 656 2225 730 2260; x_wconf 90' lang='grc'>1461</span> <span class='ocrx_word' id='word_1_662' title='bbox 760 2225 796 2263; x_wconf 83' lang='lat' dir='ltr'>(v.</span> <span class='ocrx_word' id='word_1_663' title='bbox 821 2226 838 2253; x_wconf 85' lang='lat' dir='ltr'>f.</span> <span class='ocrx_word' id='word_1_664' title='bbox 868 2225 956 2263; x_wconf 59' lang='lat' dir='ltr'>192v)</span> <span class='ocrx_word' id='word_1_665' title='bbox 987 2235 1005 2254; x_wconf 85' lang='lat' dir='ltr'>a</span> <span class='ocrx_word' id='word_1_666' title='bbox 1028 2225 1183 2254; x_wconf 77' lang='lat' dir='ltr'>Ludovico</span> <span class='ocrx_word' id='word_1_667' title='bbox 1214 2225 1300 2263; x_wconf 88' lang='lat' dir='ltr'>Rape</span> <span class='ocrx_word' id='word_1_668' title='bbox 1324 2225 1532 2254; x_wconf 86' lang='lat' dir='ltr'>Lemovicensi</span> <span class='ocrx_word' id='word_1_669' title='bbox 1563 2230 1701 2254; x_wconf 88' lang='lat' dir='ltr'>exaratus</span> <span class='ocrx_word' id='word_1_670' title='bbox 1730 2234 1785 2263; x_wconf 87' lang='lat' dir='ltr'>pro</span> <span class='ocrx_word' id='word_1_671' title='bbox 1809 2226 1946 2254; x_wconf 86' lang='lat' dir='ltr'>Iohanne</span> 
     </span>
     <span class='ocr_line' id='line_1_42' title="bbox 101 2275 1945 2314; baseline 0.002 -11"><span class='ocrx_word' id='word_1_672' title='bbox 101 2275 244 2303; x_wconf 88' lang='lat' dir='ltr'>Borrhale</span> <span class='ocrx_word' id='word_1_673' title='bbox 267 2276 305 2313; x_wconf 89' lang='grc' dir='ltr'>(ν.</span> <span class='ocrx_word' id='word_1_674' title='bbox 329 2277 346 2304; x_wconf 81' lang='lat' dir='ltr'>f.</span> <span class='ocrx_word' id='word_1_675' title='bbox 376 2280 459 2313; x_wconf 57' lang='grc'>[92”,</span> <span class='ocrx_word' id='word_1_676' title='bbox 491 2277 526 2304; x_wconf 90' lang='lat' dir='ltr'>cf.</span> <span class='ocrx_word' id='word_1_677' title='bbox 550 2276 699 2310; x_wconf 79' lang='lat' dir='ltr'>DELJSLE,</span> <span class='ocrx_word' id='word_1_678' title='bbox 724 2276 852 2305; x_wconf 88' lang='lat' dir='ltr'>Cabinet</span> <span class='ocrx_word' id='word_1_679' title='bbox 883 2277 936 2305; x_wconf 86' lang='lat' dir='ltr'>des</span> <span class='ocrx_word' id='word_1_680' title='bbox 960 2286 1028 2305; x_wconf 92' lang='lat' dir='ltr'>mss.</span> <span class='ocrx_word' id='word_1_681' title='bbox 1054 2277 1075 2310; x_wconf 93' lang='lat' dir='ltr'>I,</span> <span class='ocrx_word' id='word_1_682' title='bbox 1101 2276 1157 2313; x_wconf 82' lang='lat'>833</span> <span class='ocrx_word' id='word_1_683' title='bbox 1185 2277 1224 2311; x_wconf 80' lang='grc' dir='ltr'>ΙΙ,</span> <span class='ocrx_word' id='word_1_684' title='bbox 1253 2276 1318 2314; x_wconf 90' lang='grc'>156.</span> <span class='ocrx_word' id='word_1_685' title='bbox 1344 2276 1427 2314; x_wconf 79' lang='grc'>336),</span> <span class='ocrx_word' id='word_1_686' title='bbox 1451 2277 1505 2305; x_wconf 85' lang='lat' dir='ltr'>fuit</span> <span class='ocrx_word' id='word_1_687' title='bbox 1527 2281 1633 2314; x_wconf 88' lang='lat' dir='ltr'>postea</span> <span class='ocrx_word' id='word_1_688' title='bbox 1656 2277 1802 2306; x_wconf 81' lang='lat' dir='ltr'>Iohannis</span> <span class='ocrx_word' id='word_1_689' title='bbox 1825 2277 1945 2311; x_wconf 88' lang='lat' dir='ltr'>Savaro,</span> 
     </span>
     <span class='ocr_line' id='line_1_43' title="bbox 100 2327 1939 2366; baseline 0.001 -12"><span class='ocrx_word' id='word_1_690' title='bbox 100 2327 151 2363; x_wconf 86' lang='lat' dir='ltr'>qui</span> <span class='ocrx_word' id='word_1_691' title='bbox 182 2336 250 2354; x_wconf 87' lang='lat' dir='ltr'>eum</span> <span class='ocrx_word' id='word_1_692' title='bbox 281 2336 328 2355; x_wconf 89' lang='lat' dir='ltr'>an.</span> <span class='ocrx_word' id='word_1_693' title='bbox 357 2335 432 2364; x_wconf 85' lang='grc'>1593</span> <span class='ocrx_word' id='word_1_694' title='bbox 468 2328 561 2356; x_wconf 87' lang='lat' dir='ltr'>Paulo</span> <span class='ocrx_word' id='word_1_695' title='bbox 593 2328 715 2356; x_wconf 77' lang='lat' dir='ltr'>Petavio</span> <span class='ocrx_word' id='word_1_696' title='bbox 746 2327 865 2365; x_wconf 83' lang='lat' dir='ltr'>(Petau)</span> <span class='ocrx_word' id='word_1_697' title='bbox 896 2329 980 2356; x_wconf 89' lang='lat' dir='ltr'>dono</span> <span class='ocrx_word' id='word_1_698' title='bbox 1013 2328 1098 2356; x_wconf 88' lang='lat' dir='ltr'>dedit</span> <span class='ocrx_word' id='word_1_699' title='bbox 1128 2327 1165 2366; x_wconf 93' lang='lat' dir='ltr'>(v.</span> <span class='ocrx_word' id='word_1_700' title='bbox 1189 2329 1208 2356; x_wconf 87' lang='lat' dir='ltr'>f.</span> <span class='ocrx_word' id='word_1_701' title='bbox 1237 2327 1333 2365; x_wconf 73' lang='lat' dir='ltr'>166v).</span> <span class='ocrx_word' id='word_1_702' title='bbox 1437 2331 1546 2364; x_wconf 83' lang='lat'>250&gt;&lt;</span> <span class='ocrx_word' id='word_1_703' title='bbox 1567 2335 1622 2365; x_wconf 88' lang='grc'>175</span> <span class='ocrx_word' id='word_1_704' title='bbox 1648 2337 1727 2362; x_wconf 71' lang='lat' dir='ltr'>mm„</span> <span class='ocrx_word' id='word_1_705' title='bbox 1754 2329 1783 2356; x_wconf 87' lang='lat' dir='ltr'>ff.</span> <span class='ocrx_word' id='word_1_706' title='bbox 1815 2336 1881 2365; x_wconf 85' lang='lat'>192.</span> <span class='ocrx_word' id='word_1_707' title='bbox 1908 2345 1939 2348; x_wconf 90' lang='lat'><strong>—</strong></span> 
     </span>
     <span class='ocr_line' id='line_1_44' title="bbox 101 2377 1945 2417; baseline 0.001 -11"><span class='ocrx_word' id='word_1_708' title='bbox 101 2377 243 2406; x_wconf 89' lang='lat' dir='ltr'>Continet</span> <span class='ocrx_word' id='word_1_709' title='bbox 266 2378 482 2416; x_wconf 85' lang='lat' dir='ltr'>Hegesippum‚</span> <span class='ocrx_word' id='word_1_710' title='bbox 506 2379 554 2408; x_wconf 90' lang='lat' dir='ltr'>De</span> <span class='ocrx_word' id='word_1_711' title='bbox 576 2380 656 2408; x_wconf 91' lang='lat' dir='ltr'>bello</span> <span class='ocrx_word' id='word_1_712' title='bbox 680 2379 803 2408; x_wconf 86' lang='lat' dir='ltr'>Iudaico</span> <span class='ocrx_word' id='word_1_713' title='bbox 827 2379 869 2417; x_wconf 88' lang='lat' dir='ltr'>(ff.</span> <span class='ocrx_word' id='word_1_714' title='bbox 898 2379 1032 2417; x_wconf 79' lang='lat'>1—166)</span> <span class='ocrx_word' id='word_1_715' title='bbox 1057 2385 1085 2408; x_wconf 90' lang='lat' dir='ltr'>et</span> <span class='ocrx_word' id='word_1_716' title='bbox 1108 2380 1138 2407; x_wconf 82' lang='lat' dir='ltr'>ff.</span> <span class='ocrx_word' id='word_1_717' title='bbox 1167 2378 1329 2416; x_wconf 74' lang='grc'>167-192</span> <span class='ocrx_word' id='word_1_718' title='bbox 1356 2379 1513 2408; x_wconf 87' lang='lat' dir='ltr'>Hermolai</span> <span class='ocrx_word' id='word_1_719' title='bbox 1537 2379 1677 2413; x_wconf 89' lang='lat' dir='ltr'>Barbaro,</span> <span class='ocrx_word' id='word_1_720' title='bbox 1701 2379 1833 2417; x_wconf 89' lang='lat' dir='ltr'>episcopi</span> <span class='ocrx_word' id='word_1_721' title='bbox 1849 2379 1945 2408; x_wconf 86' lang='lat' dir='ltr'>Vero-</span> 
     </span>
     <span class='ocr_line' id='line_1_45' title="bbox 100 2429 1946 2469; baseline 0.001 -12"><span class='ocrx_word' id='word_1_722' title='bbox 100 2429 200 2457; x_wconf 88' lang='lat' dir='ltr'>nensis</span> <span class='ocrx_word' id='word_1_723' title='bbox 224 2429 275 2467; x_wconf 88' lang='lat'>(14</span> <span class='ocrx_word' id='word_1_724' title='bbox 280 2437 469 2467; x_wconf 80' lang='grc'>53-1471),</span> <span class='ocrx_word' id='word_1_725' title='bbox 494 2431 660 2459; x_wconf 86' lang='lat' dir='ltr'>orationem</span> <span class='ocrx_word' id='word_1_726' title='bbox 685 2436 788 2459; x_wconf 81' lang='lat' dir='ltr'>contra</span> <span class='ocrx_word' id='word_1_727' title='bbox 811 2435 924 2468; x_wconf 86' lang='lat' dir='ltr'>poetas,</span> <span class='ocrx_word' id='word_1_728' title='bbox 948 2431 1147 2468; x_wconf 89' lang='lat' dir='ltr'>conscriptam</span> <span class='ocrx_word' id='word_1_729' title='bbox 1164 2431 1305 2459; x_wconf 91' lang='lat' dir='ltr'>Veronae</span> <span class='ocrx_word' id='word_1_730' title='bbox 1327 2440 1374 2459; x_wconf 92' lang='lat' dir='ltr'>an.</span> <span class='ocrx_word' id='word_1_731' title='bbox 1399 2438 1477 2467; x_wconf 87' lang='grc'>1455</span> <span class='ocrx_word' id='word_1_732' title='bbox 1500 2430 1537 2469; x_wconf 87' lang='grc' dir='ltr'>(ν.</span> <span class='ocrx_word' id='word_1_733' title='bbox 1555 2430 1586 2459; x_wconf 93' lang='lat' dir='ltr'>L.</span> <span class='ocrx_word' id='word_1_734' title='bbox 1604 2430 1740 2464; x_wconf 83' lang='lat' dir='ltr'>PASTOR,</span> <span class='ocrx_word' id='word_1_735' title='bbox 1764 2430 1946 2459; x_wconf 88' lang='lat' dir='ltr'>Geschichte</span> 
     </span>
     <span class='ocr_line' id='line_1_46' title="bbox 101 2480 1817 2519; baseline 0.001 -11"><span class='ocrx_word' id='word_1_736' title='bbox 101 2481 154 2508; x_wconf 91' lang='lat' dir='ltr'>der</span> <span class='ocrx_word' id='word_1_737' title='bbox 178 2480 295 2518; x_wconf 67' lang='lat' dir='ltr'>Papste,</span> <span class='ocrx_word' id='word_1_738' title='bbox 319 2481 373 2509; x_wconf 72' lang='lat'>11⁴</span> <span class='ocrx_word' id='word_1_739' title='bbox 396 2481 513 2519; x_wconf 84' lang='grc'>(1894),</span> <span class='ocrx_word' id='word_1_740' title='bbox 538 2489 607 2519; x_wconf 82' lang='grc'>337,</span> <span class='ocrx_word' id='word_1_741' title='bbox 632 2482 693 2519; x_wconf 83' lang='grc'>338</span> <span class='ocrx_word' id='word_1_742' title='bbox 717 2486 790 2510; x_wconf 81' lang='lat' dir='ltr'>nota</span> <span class='ocrx_word' id='word_1_743' title='bbox 817 2485 852 2519; x_wconf 86' lang='lat'>1).</span> <span class='ocrx_word' id='word_1_744' title='bbox 899 2481 991 2517; x_wconf 89' lang='lat' dir='ltr'>Quod</span> <span class='ocrx_word' id='word_1_745' title='bbox 1015 2482 1191 2511; x_wconf 82' lang='lat' dir='ltr'>exhibemus</span> <span class='ocrx_word' id='word_1_746' title='bbox 1215 2483 1263 2511; x_wconf 90' lang='lat' dir='ltr'>fol.</span> <span class='ocrx_word' id='word_1_747' title='bbox 1292 2481 1348 2519; x_wconf 88' lang='grc'>167</span> <span class='ocrx_word' id='word_1_748' title='bbox 1373 2483 1488 2510; x_wconf 89' lang='lat' dir='ltr'>initium</span> <span class='ocrx_word' id='word_1_749' title='bbox 1512 2483 1645 2510; x_wconf 89' lang='lat' dir='ltr'>continet</span> <span class='ocrx_word' id='word_1_750' title='bbox 1668 2481 1817 2510; x_wconf 87' lang='lat' dir='ltr'>orationis.</span> 
     </span>
    </p>
   </div>
   <div class='ocr_carea' id='block_1_17' title="bbox 101 2575 1945 2769">
    <p class='ocr_par' dir='ltr' id='par_1_17' title="bbox 101 2575 1945 2769">
     <span class='ocr_line' id='line_1_47' title="bbox 254 2575 1945 2614; baseline 0.001 -10"><span class='ocrx_word' id='word_1_751' title='bbox 254 2579 316 2613; x_wconf 89' lang='grc'>50.</span> <span class='ocrx_word' id='word_1_752' title='bbox 351 2575 445 2604; x_wconf 90' lang='lat' dir='ltr'>Vatic.</span> <span class='ocrx_word' id='word_1_753' title='bbox 462 2575 523 2612; x_wconf 79' lang='grc'>328</span> <span class='ocrx_word' id='word_1_754' title='bbox 527 2583 554 2612; x_wconf 87' lang='grc'>5,</span> <span class='ocrx_word' id='word_1_755' title='bbox 578 2576 648 2604; x_wconf 90' lang='lat' dir='ltr'>olim</span> <span class='ocrx_word' id='word_1_756' title='bbox 665 2576 759 2604; x_wconf 87' lang='lat' dir='ltr'>Fulvii</span> <span class='ocrx_word' id='word_1_757' title='bbox 776 2576 877 2604; x_wconf 89' lang='lat' dir='ltr'>Ursini</span> <span class='ocrx_word' id='word_1_758' title='bbox 894 2576 932 2613; x_wconf 82' lang='grc' dir='ltr'>(ν.</span> <span class='ocrx_word' id='word_1_759' title='bbox 949 2577 967 2604; x_wconf 84' lang='lat' dir='ltr'>f.</span> <span class='ocrx_word' id='word_1_760' title='bbox 981 2576 1035 2613; x_wconf 77' lang='grc' dir='ltr'>ΙΙ),</span> <span class='ocrx_word' id='word_1_761' title='bbox 1052 2577 1154 2604; x_wconf 89' lang='lat' dir='ltr'>medio</span> <span class='ocrx_word' id='word_1_762' title='bbox 1169 2577 1291 2605; x_wconf 88' lang='lat' dir='ltr'>saeculo</span> <span class='ocrx_word' id='word_1_763' title='bbox 1303 2576 1362 2604; x_wconf 92' lang='lat' dir='ltr'>XV</span> <span class='ocrx_word' id='word_1_764' title='bbox 1379 2586 1470 2605; x_wconf 89' lang='lat' dir='ltr'>manu</span> <span class='ocrx_word' id='word_1_765' title='bbox 1487 2577 1647 2614; x_wconf 89' lang='lat' dir='ltr'>Pomponii</span> <span class='ocrx_word' id='word_1_766' title='bbox 1663 2576 1746 2604; x_wconf 89' lang='lat' dir='ltr'>Laeti</span> <span class='ocrx_word' id='word_1_767' title='bbox 1761 2577 1945 2614; x_wconf 86' lang='lat' dir='ltr'>conscriptus</span> 
     </span>
     <span class='ocr_line' id='line_1_48' title="bbox 101 2625 1944 2665; baseline 0.002 -12"><span class='ocrx_word' id='word_1_768' title='bbox 101 2625 140 2663; x_wconf 82' lang='lat' dir='ltr'>(v.</span> <span class='ocrx_word' id='word_1_769' title='bbox 164 2626 182 2653; x_wconf 85' lang='lat' dir='ltr'>f.</span> <span class='ocrx_word' id='word_1_770' title='bbox 207 2625 260 2663; x_wconf 79' lang='grc' dir='ltr'>ΙΙ),</span> <span class='ocrx_word' id='word_1_771' title='bbox 291 2627 462 2664; x_wconf 84' lang='lat' dir='ltr'>exemplum</span> <span class='ocrx_word' id='word_1_772' title='bbox 491 2627 616 2664; x_wconf 89' lang='lat' dir='ltr'>praebet</span> <span class='ocrx_word' id='word_1_773' title='bbox 645 2628 808 2664; x_wconf 84' lang='lat' dir='ltr'>scripturae</span> <span class='ocrx_word' id='word_1_774' title='bbox 839 2637 899 2665; x_wconf 86' lang='lat' dir='ltr'>qua</span> <span class='ocrx_word' id='word_1_775' title='bbox 931 2628 998 2656; x_wconf 92' lang='lat' dir='ltr'>Itali</span> <span class='ocrx_word' id='word_1_776' title='bbox 1028 2629 1189 2656; x_wconf 87' lang='lat' dir='ltr'>utebantur</span> <span class='ocrx_word' id='word_1_777' title='bbox 1218 2633 1351 2657; x_wconf 89' lang='lat' dir='ltr'>vertente</span> <span class='ocrx_word' id='word_1_778' title='bbox 1380 2637 1457 2657; x_wconf 89' lang='lat' dir='ltr'>saec.</span> <span class='ocrx_word' id='word_1_779' title='bbox 1481 2628 1564 2656; x_wconf 91' lang='lat' dir='ltr'>XVI.</span> <span class='ocrx_word' id='word_1_780' title='bbox 1654 2636 1713 2663; x_wconf 83' lang='lat'>214</span> <span class='ocrx_word' id='word_1_781' title='bbox 1731 2630 1764 2663; x_wconf 87' lang='lat'>&gt;&lt;</span> <span class='ocrx_word' id='word_1_782' title='bbox 1785 2635 1842 2664; x_wconf 89' lang='grc'>137</span> <span class='ocrx_word' id='word_1_783' title='bbox 1866 2637 1944 2662; x_wconf 91' lang='lat' dir='ltr'>mm.,</span> 
     </span>
     <span class='ocr_line' id='line_1_49' title="bbox 101 2677 1945 2717; baseline 0.001 -13"><span class='ocrx_word' id='word_1_784' title='bbox 101 2677 131 2704; x_wconf 85' lang='lat' dir='ltr'>ff.</span> <span class='ocrx_word' id='word_1_785' title='bbox 159 2685 224 2714; x_wconf 88' lang='grc'>139.</span> <span class='ocrx_word' id='word_1_786' title='bbox 258 2694 293 2697; x_wconf 83' lang='grc'><strong>-</strong></span> <span class='ocrx_word' id='word_1_787' title='bbox 327 2678 469 2706; x_wconf 87' lang='lat' dir='ltr'>Continet</span> <span class='ocrx_word' id='word_1_788' title='bbox 498 2678 612 2707; x_wconf 86' lang='lat' dir='ltr'>Lucani</span> <span class='ocrx_word' id='word_1_789' title='bbox 646 2679 685 2707; x_wconf 91' lang='lat' dir='ltr'>de</span> <span class='ocrx_word' id='word_1_790' title='bbox 718 2679 796 2707; x_wconf 90' lang='lat' dir='ltr'>bello</span> <span class='ocrx_word' id='word_1_791' title='bbox 831 2679 904 2708; x_wconf 84' lang='lat' dir='ltr'>civili</span> <span class='ocrx_word' id='word_1_792' title='bbox 938 2679 1027 2708; x_wconf 89' lang='lat' dir='ltr'>libros</span> <span class='ocrx_word' id='word_1_793' title='bbox 1058 2680 1086 2707; x_wconf 91' lang='lat' dir='ltr'>X</span> <span class='ocrx_word' id='word_1_794' title='bbox 1118 2679 1156 2717; x_wconf 90' lang='lat' dir='ltr'>(v.</span> <span class='ocrx_word' id='word_1_795' title='bbox 1187 2681 1233 2708; x_wconf 89' lang='lat' dir='ltr'>ed.</span> <span class='ocrx_word' id='word_1_796' title='bbox 1268 2679 1300 2708; x_wconf 93' lang='lat' dir='ltr'>C.</span> <span class='ocrx_word' id='word_1_797' title='bbox 1333 2680 1488 2717; x_wconf 81' lang='lat' dir='ltr'>Hosms),</span> <span class='ocrx_word' id='word_1_798' title='bbox 1522 2680 1630 2717; x_wconf 87' lang='lat' dir='ltr'>quibus</span> <span class='ocrx_word' id='word_1_799' title='bbox 1663 2680 1779 2708; x_wconf 86' lang='lat' dir='ltr'>adiecta</span> <span class='ocrx_word' id='word_1_800' title='bbox 1811 2684 1881 2707; x_wconf 87' lang='lat' dir='ltr'>sunt</span> <span class='ocrx_word' id='word_1_801' title='bbox 1914 2680 1945 2706; x_wconf 90' lang='lat' dir='ltr'>in</span> 
     </span>
     <span class='ocr_line' id='line_1_50' title="bbox 101 2728 1944 2769; baseline 0.001 -13"><span class='ocrx_word' id='word_1_802' title='bbox 101 2728 281 2765; x_wconf 88' lang='lat' dir='ltr'>marginibus</span> <span class='ocrx_word' id='word_1_803' title='bbox 311 2729 423 2758; x_wconf 88' lang='lat' dir='ltr'>scholia</span> <span class='ocrx_word' id='word_1_804' title='bbox 453 2735 482 2758; x_wconf 91' lang='lat' dir='ltr'>et</span> <span class='ocrx_word' id='word_1_805' title='bbox 512 2731 542 2758; x_wconf 86' lang='lat' dir='ltr'>in</span> <span class='ocrx_word' id='word_1_806' title='bbox 572 2730 633 2758; x_wconf 85' lang='lat' dir='ltr'>fine</span> <span class='ocrx_word' id='word_1_807' title='bbox 663 2730 820 2758; x_wconf 86' lang='lat' dir='ltr'>voluminis</span> <span class='ocrx_word' id='word_1_808' title='bbox 851 2730 1036 2768; x_wconf 87' lang='lat' dir='ltr'>epitaphium</span> <span class='ocrx_word' id='word_1_809' title='bbox 1061 2731 1173 2759; x_wconf 89' lang='lat' dir='ltr'>Lucani</span> <span class='ocrx_word' id='word_1_810' title='bbox 1204 2732 1362 2769; x_wconf 82' lang='lat' dir='ltr'>brevisque</span> <span class='ocrx_word' id='word_1_811' title='bbox 1392 2731 1497 2759; x_wconf 92' lang='lat' dir='ltr'>notitia</span> <span class='ocrx_word' id='word_1_812' title='bbox 1523 2732 1562 2759; x_wconf 90' lang='lat' dir='ltr'>de</span> <span class='ocrx_word' id='word_1_813' title='bbox 1585 2731 1648 2760; x_wconf 90' lang='lat' dir='ltr'>eius</span> <span class='ocrx_word' id='word_1_814' title='bbox 1670 2731 1729 2759; x_wconf 87' lang='lat' dir='ltr'>vita</span> <span class='ocrx_word' id='word_1_815' title='bbox 1753 2736 1782 2759; x_wconf 89' lang='lat' dir='ltr'>et</span> <span class='ocrx_word' id='word_1_816' title='bbox 1804 2731 1844 2759; x_wconf 92' lang='lat' dir='ltr'>de</span> <span class='ocrx_word' id='word_1_817' title='bbox 1866 2730 1944 2759; x_wconf 91' lang='lat' dir='ltr'>bello</span> 
     </span>
    </p>
   </div>
  </div>
 </body>
</html>
