2160 3300
976 285 1017 288 —
1061 268 1153 296 XVII
1197 285 1238 288 —

352 365 409 399 13.
442 361 536 389 Vatic.
563 361 654 398 4958,
684 362 753 389 olim
785 362 954 389 monasterii
986 362 1156 389 Casinensis
1187 371 1234 389 no.
1258 361 1318 397 067
1350 371 1388 388 «ν.
1416 363 1433 389 f.
1462 370 1496 395 11.
1526 362 1555 389 in
1586 362 1650 398 ipso
1681 363 1862 390 monasterio
1892 368 2027 399 tempore

200 412 316 439 abbatis
339 412 486 440 Desiderii
516 421 539 439 c.
563 421 609 440 an.
637 412 731 448 1087;
763 418 795 440 ut
824 413 947 445 videtur,
977 418 1137 449 postquam
1169 413 1279 440 electus
1310 417 1354 440 est
1379 412 1531 440 Romanus
1556 412 1691 440 Pontifex
1715 422 1752 439 cv.
1784 413 1803 440 f.
1827 421 1895 449 94³3
1927 413 2026 440 litteris

198 463 418 491 Beneventanis
445 468 582 492 exaratus
605 469 656 492 est.
747 463 806 500 298
823 466 855 499 ><
874 471 932 498 224
957 473 1034 497 mm.‚
1058 464 1087 490 ff.
1111 470 1158 499 95.
1182 479 1223 483 —
1247 462 1388 491 Continet
1411 463 1658 500 Martyrologium
1681 464 1719 490 ad
1742 472 1827 491 usum
1852 464 2023 491 monasterii

198 514 375 542 Casinensis.
398 530 439 534 —
462 514 498 541 In
528 523 564 542 eo
587 515 670 551 quod
698 514 872 542 exhibemus
895 514 943 542 fol.
971 517 1033 550 15V,
1064 519 1163 550 partes
1193 514 1286 541 habes
1309 514 1414 541 diebus
1438 513 1494 546 ΙΙΙ,
1518 513 1549 541 II
1571 514 1625 541 kal.
1642 513 1765 541 Martias
1789 519 1817 541 et
1840 514 1895 541 kal.
1912 513 2025 542 Martiis

197 565 368 602 assignatas,
392 565 486 593 editas
509 565 590 601 apud
614 565 981 597 RoswElDE-GEORGsts,
1005 564 1250 601 Martyrologium
1274 564 1398 592 Adonis.
1444 564 1567 597 Romae,
1596 571 1682 600 1745,
1706 573 1754 601 pp.
1783 563 1953 597 106—108,
1977 565 2026 592 ubi

198 620 298 643 tamen
312 616 419 643 desunt
431 616 635 643 additamenta
648 615 828 643 Casinensia.
861 615 904 643 Cf.
917 615 1103 642 Bernmxx
1119 615 1150 642 in
1166 615 1278 642 PERTz'
1292 615 1401 642 Archiv
1413 615 1485 648 XII,
1502 614 1578 649 246:
1594 614 1704 642 WAJTZ
1717 615 1746 642 in
1759 615 1806 643 SS.
1820 624 1872 642 rer.
1886 615 2026 652 langob,

197 675 245 702 pp.
275 665 336 700 468
376 671 406 694 et
435 674 512 703 489:
549 666 829 698 ΕΗΒΕΝΞΒΕΒΕΕΒ,
867 665 945 693 Libri
976 666 1097 702 liturgici
1129 666 1202 693 Bibl.
1225 665 1292 693 Vat.
1338 666 1468 702 Friburgi
1498 666 1553 699 Er„
1589 665 1674 701 1897,
1705 675 1732 702 p.
1761 665 1834 702 165:
1865 665 2027 701 Qusxrm,

197 717 254 744 Les
284 717 496 753 martyrologes
524 717 708 753 historiques.
754 717 842 750 Paris,
870 716 956 752 1908,
979 726 1006 753 p.
1031 716 1107 751 6013
1132 716 1167 745 G.
1192 717 1352 749 Mmcm,
1376 716 1444 744 Due
1474 721 1616 753 supposte
1639 717 1830 753 spogliazioni
1852 717 1930 744 della
1952 717 2026 744 Bibl.

197 768 227 794 di
250 767 292 794 M.
316 767 440 795 Cassino
470 767 501 794 in
525 767 716 795 Miscellanea
739 767 769 794 di
793 767 871 794 studi
892 767 922 794 in
945 775 1038 794 onore
1061 767 1091 794 di
1114 767 1149 795 A.
1174 767 1284 794 Hortis.
1324 767 1446 800 Trieste,
1475 775 1560 799 1010,
1584 776 1611 803 p.
1628 766 1697 803 966.
1735 767 1868 794 Alteram
1894 767 2027 795 eiusdem

196 818 306 846 codicis
339 818 498 854 imaginem
527 818 659 845 invenies
685 818 767 854 apud
790 817 896 850 Lorm
920 817 1068 854 Scriptura
1092 817 1306 845 Beneventana
1328 818 1386 845 tab.
1413 825 1458 853 71.
1529 822 1554 856 ἦ
1573 825 1637 848 Item
1661 825 1750 848 eodem
1774 825 1814 848 die
1833 825 1858 847 in
1875 824 2028 848 Alexandria

195 867 283 890 natalis
301 867 380 890 sancti
396 866 487 890 Iuliani
503 867 618 898 martyris
636 867 679 898 qui
697 874 753 890 cum
771 867 805 890 ita
824 867 933 898 podagra
951 867 1098 890 constrictus
1118 872 1191 895 esset,
1208 872 1236 890 ut
1254 874 1335 898 neque
1353 866 1478 898 incedere]
1497 874 1578 897 neque
1595 872 1660 890 stare
1678 872 1771 898 posset,
1790 874 1844 890 cum
1859 867 1896 895 iis,
1915 867 1957 898 qui
1970 875 2026 890 eum

195 913 222 936 in
240 909 326 932 sellula
338 909 472 940 portabant
487 908 491 941 Ι
506 909 582 932 iudici
594 909 710 937 offertum
730 917 836 940 quorum
848 917 913 933 unus
926 902 1028 940 quidem
1040 910 1124 932 statim
1137 909 1245 939 negauit,
1263 908 1325 932 alter
1340 909 1343 939 Ι
1359 916 1418 932 vero
1430 910 1531 932 nomine
1542 909 1630 932 Eunus
1642 917 1697 932 cum
1710 909 1799 932 eodem
1814 916 1873 932 sene
1885 909 1910 932 in
1923 909 2027 932 Domini

195 951 353 974 confessione
370 951 508 983 per{durat;
527 952 621 983 quique
638 952 755 975 iubentur
771 952 871 975 oemelis
889 952 1012 983 impositis
1030 959 1074 983 per
1090 956 1167 975 totam
1181 952 1214 974 eir
1232 951 1345 974 cumduci
1362 951 1447 974 urbem
1461 955 1486 974 et
1497 951 1590 982 flagris.
1610 951 1669 975 hinc
1680 951 1738 975 inde
1750 952 1912 982 inspectanlte
1924 952 2026 982 populo,

195 994 281 1017 laniari
298 1001 378 1025 usque
396 1002 446 1025 quo
465 994 542 1017 finem
561 994 621 1025 ipsis
639 994 784 1017 uerberibus
802 994 962 1024 sorftirentur.
976 1007 1009 1011 -—
1022 994 1139 1025 Lugduni
1155 994 1233 1017 sancti
1252 993 1393 1017 Abdomen·
1410 994 1455 1016 viri
1468 994 1525 1016 Dei.
1542 994 1545 1023 Ι
1561 1007 1594 1011 -
1606 994 1698 1017 XIIII.
1714 993 1743 1017 C.
1757 994 1784 1017 Π
1801 993 1919 1017 kalendas
1937 994 2026 1017 martii.

194 1036 225 1059 In
235 1036 358 1059 territorio
370 1036 532 1067 Lugdunensi
544 1036 604 1060 locis
616 1037 755 1060 uirensibus
766 1036 793 1068 [l.
803 1035 866 1068 Iur-]
883 1035 886 1068 Ι
902 1036 991 1059 natalis
1003 1037 1081 1060 sancti
1094 1036 1206 1059 Romani
1218 1036 1323 1063 abbatis
1337 1036 1379 1066 qui
1391 1037 1485 1066 primus
1498 1035 1546 1059 illic
1558 1036 1635 1059 uitam
1649 1036 1658 1067 ΙΙ
1671 1035 1839 1060 heremiticam
1852 1036 1923 1059 duxit
1934 1036 2027 1067 quique

195 1078 340 1102 beatissimo
358 1079 422 1109 patri
434 1078 580 1109 Benedilcto
592 1079 619 1102 in
629 1078 702 1102 initio
714 1079 909 1102 conuersationis
922 1079 974 1102 eius
986 1078 1085 1101 adiutor
1097 1084 1121 1101 et
1136 1086 1240 1109 coopera
1252 1082 1289 1101 tor
1311 1078 1392 1102 extitit
1404 1086 1432 1101 ac
1444 1078 1528 1101 multis
1540 1078 1673 1101 uirtutibus
1686 1078 1859 1109 miraculisque
1875 1078 1878 1109 Ι
1893 1078 2025 1109 preclarus,

195 1120 356 1151 plurimorum
375 1126 462 1151 postea
478 1120 656 1144 monachorum
674 1126 744 1152 pater
762 1119 875 1151 effecltus
893 1121 918 1143 in
936 1128 996 1151 pace
1013 1121 1117 1152 quieuit.
1154 1121 1252 1144 Eodem
1271 1120 1312 1143 die
1329 1125 1471 1143 sanctorum
1489 1119 1610 1143 Maeharii
1623 1120 1633 1151 ΙΙ
1646 1121 1746 1148 Rufini,
1764 1121 1827 1144 Iusti
1845 1125 1870 1144 et
1882 1120 2024 1151 Theophili.

195 1176 227 1179 —
238 1163 346 1186 Martius
366 1162 444 1186 habet
461 1163 514 1186 dies
532 1163 644 1190 XXXI,
662 1163 719 1186 luna
738 1163 835 1186 XXX.
871 1163 912 1186 ΠΙ
931 1163 963 1186 D.
982 1163 1106 1186 Kalendis
1124 1163 1213 1186 martii.
1249 1163 1335 1186 Rome
1353 1163 1440 1186 natalis
1459 1168 1599 1186 sanctorum
1617 1168 1752 1194 martyrum
1771 1163 1941 1194 ducentorum
1959 1170 2028 1186 sexa—

193 1205 270 1238 ginta,
295 1205 449 1236 temporibus
467 1205 573 1233 Claudii,
599 1205 643 1236 qui
665 1205 707 1228 uia
722 1204 726 1236 Ι
741 1205 836 1229 Salaria
859 1213 958 1228 arenam
982 1205 1106 1228 fodientes
1131 1205 1242 1228 damnati
1265 1205 1364 1229 fuerant
1378 1205 1382 1237 Ι
1398 1213 1443 1236 pro
1461 1205 1554 1229 Christi
1577 1206 1687 1229 nomine.
1723 1205 1792 1236 Quos
1816 1206 1888 1229 iussit
1908 1204 2027 1229 Claudius

193 1251 223 1270 ut
235 1246 244 1278 ΙΙ
257 1247 283 1270 in
301 1247 387 1278 fligina
404 1247 464 1271 foris
482 1255 566 1271 muros
584 1253 654 1278 porte
673 1247 765 1275 Salarie
783 1246 956 1278 mitterenltur.
975 1252 1000 1270 et
1018 1254 1047 1270 eo
1066 1247 1122 1270 loco
1141 1247 1228 1270 inclusi
1246 1246 1430 1278 amphitheatro
1449 1247 1556 1270 militum
1572 1248 1576 1279 Ι
1592 1248 1688 1278 sagittis
1708 1248 1912 1271 interficerentur.
1943 1247 2026 1271 Carta-
2040 1253 2051 1266 2

194 1289 252 1320 gine
269 1289 349 1312 sancti
367 1289 462 1312 Donati
479 1288 482 1321 Ι

348 1379 405 1412 14.
438 1375 533 1403 Vatic.
556 1374 648 1411 4928,
679 1375 757 1403 olim.
792 1384 871 1403 mon.
902 1375 929 1403 S.
961 1375 1091 1412 Sophiae
1114 1375 1286 1409 Beneventi,
1317 1381 1423 1412 postea
1453 1376 1531 1403 card.
1564 1376 1666 1409 Sirlefi,
1697 1385 1720 1403 c.
1745 1385 1791 1403 an.
1822 1383 2027 1412 1113—1120

194 1426 295 1454 litteris
321 1426 540 1454 Beneventanis
566 1426 596 1453 in
626 1426 692 1463 ipso
715 1426 864 1454 coenobio
887 1426 913 1454 S.
937 1426 1067 1462 Sophiae
1092 1426 1139 1462 (cf.
1163 1427 1180 1453 f.
1204 1426 1254 1461 Qvi
1277 1426 1410 1462 scriptus,
1434 1427 1486 1453 fuit
1509 1427 1623 1454 ‘decani
1646 1426 1797 1454 Iohannis'
1822 1426 1868 1463 (cf.
1891 1427 1909 1454 f.
1930 1426 2025 1463 100').

194 1476 242 1504 De
272 1476 410 1505 Iohanne
439 1477 545 1505 videsis
576 1476 713 1505 Falconis
745 1477 854 1504 Benev.
879 1476 1051 1505 Chronicon
1082 1477 1121 1504 ad
1151 1485 1198 1504 an.
1226 1484 1306 1504 1120
1327 1477 1409 1513 apud
1433 1477 1624 1510 Mcmrom,
1648 1477 1695 1504 SS.
1726 1486 1779 1504 rer.
1802 1477 1894 1505 Italic.
1918 1477 1954 1511 V,
1977 1476 2025 1514 96.

195 1535 256 1555 220
272 1530 305 1563 ><
326 1536 382 1566 145
414 1537 492 1561 mm.‚
523 1528 552 1555 ff.
586 1527 654 1564 363.
686 1544 727 1548 -—
757 1527 899 1556 Continet
930 1528 1107 1555 breviarium
1137 1528 1374 1561 Benedictinum,
1415 1528 1461 1555 cui
1491 1528 1657 1564 praefixum
1689 1532 1733 1556 est
1764 1528 1967 1556 kalendarium
1997 1533 2027 1556 et

195 1578 366 1612 chronicon,
405 1579 488 1615 quod
519 1588 555 1607 ex
585 1579 644 1606 hoc
677 1579 782 1607 codice
811 1578 969 1606 ediderunt
999 1579 1111 1607 Aloisia
1140 1580 1222 1616 apud
1256 1579 1446 1613 Mnfflrom,
1478 1580 1546 1607 Ant.
1579 1580 1699 1608 Italicae
1723 1580 1737 1607 I
1760 1579 1770 1617 (
1777 1579 1876 1617 1738),
1901 1579 2026 1616 32—36

193 1633 223 1657 et
253 1629 364 1662 PERTz,
394 1629 478 1657 Mon.
502 1629 602 1658 Germ.
633 1630 680 1658 SS.
706 1629 762 1663 ΙΙΙ,
800 1630 972 1666 173—184.
996 1646 1036 1649 —
1060 1629 1152 1665 Quod
1176 1630 1350 1658 exhibemus
1382 1630 1430 1658 fol.
1454 1629 1480 1663 6,
1511 1631 1635 1658 annales
1658 1631 1791 1658 continet
1812 1631 1850 1658 ab
1873 1639 1919 1658 an.
1948 1629 2025 1665 1064

194 1680 234 1708 ad
255 1689 304 1708 an.
331 1679 418 1714 1082,
435 1690 460 1707 v.
477 1680 580 1708 1³1³er
597 1681 612 1708 l.
629 1690 652 1708 c.
675 1690 725 1718 pp.
753 1688 811 1716 170
826 1690 862 1709 ss.
901 1681 945 1709 Cf.
965 1681 1002 1708 N.
1026 1681 1163 1709 ALOISIA
1179 1682 1260 1718 apud
1277 1681 1458 1709 MURATORJ
1482 1681 1498 1708 l.
1522 1690 1561 1716 c.;
1586 1681 1688 1709 PERTz
1704 1682 1720 1708 l.
1737 1691 1760 1709 c.
1777 1691 1804 1718 p.
1826 1689 1880 1718 175
1892 1692 1898 1717 ;
1922 1681 2026 1709 ΒΕΤΗ-

194 1738 291 1758 ΜΑΝΝ
313 1731 344 1758 in
366 1730 478 1759 PERTz'
502 1731 612 1759 Archiv
634 1731 698 1759 XII
721 1730 838 1769 (1872),
864 1739 939 1767 245;
971 1731 1237 1760 EERENSBERGER
1259 1732 1274 1759 l.
1298 1742 1321 1760 c.
1346 1741 1394 1768 pp.
1419 1731 1593 1760 206—208.
1639 1732 1736 1759 Aliam
1760 1732 1894 1760 eiusdem
1917 1732 2027 1760 codicis

192 1782 352 1819 imaginem
381 1782 506 1810 habebis
529 1783 611 1819 apud
634 1782 741 1816 Lonw,
771 1782 919 1819 Scriptura
942 1783 1156 1811 Beneventana
1178 1783 1236 1811 tab.
1262 1782 1309 1811 82.
1389 1788 1414 1823 ql
1431 1791 1502 1814 Anni
1525 1791 1621 1814 domiui
1643 1790 1790 1820 MLXIHJ,
1808 1790 1948 1814 Indictione
1966 1791 2000 1814 Π.
2021 1789 2025 1823 Ι

192 1831 311 1860 MLXV,
329 1832 378 1855 In.
409 1831 505 1855 Cecidit
524 1832 604 1855 resina
617 1832 694 1856 nimia
706 1832 737 1856 de
750 1839 835 1855 mense
853 1832 1004 1855 nouembris.
1021 1833 1025 1864 Ι
1040 1833 1172 1859 MLXVI,
1185 1833 1247 1856 ml.
1283 1833 1354 1856 XVI
1367 1832 1486 1856 kalendas
1498 1833 1581 1863 maggi
1593 1833 1620 1862 (Ρ)
1633 1833 1748 1864 apparuit
1758 1832 1829 1856 stella
1844 1833 1955 1856 cometis.
1967 1832 2027 1856 1110

192 1874 233 1897 die
256 1878 338 1897 stante
350 1874 360 1906 ΙΙ
372 1881 458 1898 mense
481 1875 598 1898 februarii
620 1875 686 1898 facte
709 1879 767 1898 sunt
791 1875 891 1903 tenebre
910 1874 970 1898 hora
992 1882 1058 1898 nona
1084 1879 1109 1898 et
1135 1878 1322 1905 permanserunt
1340 1874 1406 1898 horis
1425 1874 1472 1898 m.
1501 1878 1587 1905 postea
1604 1874 1736 1897 subsecuta
1754 1879 1792 1897 eet
1809 1873 1893 1905 pluuia
1908 1873 1912 1904 Ι
1928 1873 2026 1897 turbida

192 1916 303 1939 nimium.
331 1917 389 1940 Dux
402 1916 558 1940 Gottefridus
576 1918 645 1940 uenit
663 1922 688 1940 et
699 1917 841 1940 Normanni
853 1916 917 1940 bella
929 1917 1098 1940 crudelissima
1114 1917 1117 1947 Ι
1133 1917 1245 1940 fecerunt
1257 1924 1312 1940 cum
1326 1917 1462 1940 Brittannis
1474 1916 1498 1940 in
1515 1920 1577 1939 terra
1589 1915 1729 1946 Anglorum
1744 1920 1769 1939 et
1781 1915 1916 1939 Sassonum
1932 1916 1936 1946 Ι
1952 1933 1958 1939 .
1972 1933 1977 1938 .
1991 1934 1997 1939 .
2012 1915 2024 1947 ΙΙ

191 1958 366 1987 MLXVIHI,
384 1959 445 1982 VII.
481 1958 552 1982 Obiit
569 1959 701 1983 Udalricus
719 1959 925 1991 archiepiscopus.
941 1960 945 1991 Ι
961 1960 1097 1986 MLXXI.
1115 1959 1204 1982 vnn.
1235 1959 1315 1990 Capta
1332 1964 1370 1982 est
1387 1958 1516 1982 Palarmus
1535 1966 1549 1981 a
1569 1958 1704 1982 Rubberto
1721 1958 1792 1981 duee.
1807 1958 1811 1989 Ι
1827 1958 1976 1986 MLXXH,
1988 1959 2025 1981 X.

191 2001 332 2025 Undecimo
349 2001 468 2025 kalendas
486 2002 569 2033 maggi
588 2002 651 2025 obiit
663 2002 806 2026 Alexander
819 2010 884 2034 papa
895 2006 921 2026 et
933 2002 1065 2033 Gregorius
1078 2002 1109 2025 fit
1120 2009 1185 2033 papa
1199 2009 1284 2025 mense
1296 2001 1387 2033 aprilis.
1403 2001 1407 2032 Ι
1423 2001 1585 2028 MLXXHJ,
1598 2001 1648 2024 XL
1679 2000 1750 2024 Obiit
1761 2000 1899 2024 Pandulfus
1912 2001 2026 2032 princeps

191 2050 276 2067 mense
294 2043 411 2067 februarii
429 2049 454 2067 et
471 2044 574 2075 burgum
587 2052 601 2067 a
614 2049 686 2075 pona
698 2044 796 2068 Rufina
815 2049 949 2068 crematum
963 2049 1008 2068 est.
1022 2044 1031 2075 ΙΙ
1044 2045 1134 2068 Mense
1145 2044 1243 2075 augusti
1256 2044 1388 2074 Gregorius
1400 2044 1455 2067 VII
1474 2052 1538 2075 papa
1551 2043 1621 2067 uenit
1632 2044 1813 2067 Beneuentum.
1830 2042 1834 2075 Ι
1849 2043 2025 2071 MLXXIIII,

191 2085 256 2109 XJ1.
278 2085 380 2109 Electus
393 2090 431 2109 est
443 2086 557 2110 dominus
573 2086 714 2110 Madelmus
727 2091 752 2110 et
764 2091 920 2110 consecrat-us
932 2087 958 2109 in
970 2087 1070 2110 abbatia
1083 2092 1166 2110 sancte
1173 2086 1268 2118 Sophie
1279 2094 1294 2109 a
1306 2086 1409 2110 domino
1420 2094 1485 2117 papa
1496 2086 1624 2117 Gregorio,
1636 2085 1639 2118 Ι
1652 2091 1676 2110 et
1686 2086 1750 2109 Milo
1762 2086 1792 2109 fit
1803 2085 2008 2117 archiepiscopus.
2022 2094 2024 2116 Ι

191 2128 340 2156 MLXXV,
358 2128 437 2152 XIII.
467 2129 614 2152 Robbertus
633 2129 682 2152 dux
700 2130 808 2160 perrexit
825 2137 899 2161 super
911 2129 1048 2157 Salernum,
1067 2137 1142 2160 quem
1160 2129 1260 2153 tenebat
1273 2128 1383 2153 Gisolfus
1396 2129 1518 2160 princeps,
1535 2129 1538 2160 Ι
1553 2132 1671 2159 cognatus
1684 2136 1750 2156 suus,
1769 2132 1794 2151 et
1806 2129 1871 2152 sedit
1883 2135 1956 2159 super
1968 2135 2025 2151 eum

191 2178 206 2194 a
228 2178 313 2194 mense
340 2171 420 2202 maggi
444 2179 524 2202 usque
549 2172 574 2195 in
597 2172 758 2196 festiuitatem
782 2176 866 2196 sancte
890 2172 967 2195 Lucie
985 2177 1010 2195 et
1033 2172 1057 2195 in
1076 2172 1129 2203 ipsa
1148 2176 1220 2194 nocte
1239 2171 1304 2202 cepit
1322 2171 1427 2194 eandem
1446 2170 1580 2194 ciuitatem.
1616 2170 1687 2194 Obiit
1704 2170 1768 2193 Milo
1786 2170 1991 2201 archiepiscopus.
2012 2169 2024 2202 ξΙ

192 2213 355 2241 MLXXVI,
373 2214 465 2237 xml.
502 2214 635 2238 Roffridus
660 2215 690 2238 fit
713 2214 919 2246 archiepiscopus.
936 2215 939 2245 Ι
955 2215 1132 2242 MLXXVH,
1150 2214 1214 2237 XV.
1250 2213 1307 2236 XV
1324 2213 1443 2236 kalendas
1468 2213 1605 2236 decembris
1630 2213 1693 2236 obiit
1710 2212 1849 2236 Landulfus
1867 2213 1981 2244 princeps
1999 2217 2024 2235 et
2040 2220 2050 2232 2

191 2255 276 2278 XHH
293 2255 412 2279 kalendas
430 2256 533 2279 ianuarii
550 2257 620 2280 uenit
637 2264 711 2288 supra
729 2257 902 2280 Beneuentum
915 2257 1061 2280 Robbertus
1081 2256 1131 2280 dux
1148 2261 1173 2279 et
1191 2256 1255 2279 sedit
1273 2256 1307 2279 ibi
1324 2262 1403 2286 usque
1421 2255 1447 2278 in
1459 2255 1499 2278 VI
1512 2255 1567 2278 idus
1586 2255 1676 2286 aprilis.
1693 2255 1697 2287 Ι
1712 2255 1903 2283 MLXXVIII,
1915 2255 1936 2278 L
1966 2255 2025 2279 Gre-

190 2297 273 2328 gorius
286 2305 351 2329 papa
363 2298 465 2322 tradidit
474 2299 608 2322 Robber‘to
616 2299 741 2323 duoetum.
753 2298 757 2331 Ι
769 2299 973 2327 MLXXVIIII,
982 2299 1018 2322 Π.
1033 2299 1106 2322 Imo
1120 2298 1237 2322 kalendas
1248 2298 1351 2321 ianuarii
1359 2297 1450 2329 gelauit
1460 2297 1554 2321 flumen
1566 2297 1684 2329 Calo[ris]
1695 2297 1730 2321 ita
1739 2302 1767 2321 ut
1775 2298 1882 2329 desuper
1888 2297 2002 2320 homines
2011 2296 2023 2329 ΙΙ

190 2339 286 2363 calciati
304 2341 442 2364 transirent.
459 2340 462 2373 Ι
478 2341 630 2370 MLXXX,
644 2342 692 2365 ΠΙ.
725 2342 847 2365 Henricus
866 2342 1001 2372 imperator
1017 2342 1086 2364 uenit
1103 2349 1178 2372 super
1191 2341 1302 2364 Romam
1321 2345 1346 2363 et
1364 2341 1389 2364 in
1409 2341 1498 2364 eodem
1515 2348 1582 2363 anno
1594 2340 1740 2363 Robbertus
1759 2340 1808 2363 dux
1827 2340 1934 2371 perrexit
1951 2347 2026 2371 super

191 2382 317 2405 ciuitatem
340 2383 505 2412 Tyburtinam
529 2388 554 2406 et
571 2384 692 2407 Iordanus
716 2384 829 2415 princeps
853 2384 912 2407 feeit
935 2388 1033 2415 pactum
1059 2391 1113 2406 cum
1135 2383 1246 2414 predicto
1265 2382 1376 2406 Hem-ico
1399 2383 1555 2413 imperatore.
1571 2381 1576 2414 Ι
1591 2382 1757 2410 MLXXXI,
1775 2382 1838 2405 ΠΠ.
1873 2382 1933 2405 mo
1947 2389 2025 2405 nonas

191 2424 308 2448 februarii
331 2425 420 2449 cecidit
442 2426 522 2449 resina
545 2426 586 2449 die
609 2431 635 2449 et
652 2431 725 2449 nocte
742 2431 836 2457 quanta
859 2425 939 2449 nullus
955 2425 959 2457 Ι
975 2426 1095 2449 meminit.
1132 2425 1255 2448 Henricus
1279 2425 1412 2455 imperator
1434 2425 1523 2448 iterum
1545 2424 1615 2448 uenit
1637 2424 1756 2447 Romam.
1770 2424 1779 2455 ΙΙ
1792 2424 1970 2452 MLXXXII,
1989 2424 2023 2447 V.

191 2466 281 2490 Mense
298 2467 380 2490 martii
398 2467 490 2491 electus
508 2472 546 2491 est
564 2468 698 2499 imperator
714 2468 819 2492 Alexius
838 2468 1064 2499 Constantinopoli.

344 2565 401 2600 15.
435 2561 579 2590 Ottobon.
612 2562 680 2601 296,
711 2563 811 2590 litteris
836 2563 1054 2590 Beneventanis
1085 2563 1205 2591 saeculo
1234 2562 1282 2590 XI
1316 2566 1461 2595 exaratus,
1494 2562 1664 2598 exemplum
1698 2561 1822 2598 praebet
1854 2561 2024 2598 scripturae,

193 2620 271 2648 quae
297 2612 327 2640 in
350 2612 436 2641 Italia
458 2613 644 2641 meridionali
667 2603 758 2650 (Barii
768 2614 792 2649 P)
815 2613 846 2640 in
869 2622 924 2641 usu
947 2619 1017 2641 erat.
1062 2613 1106 2642 Cf.
1131 2613 1326 2646 BANNJSTER,
1357 2612 1540 2649 Paleografia
1563 2612 1708 2640 Musicale
1732 2612 1879 2640 Vaticana
1908 2621 1936 2639 n.
1953 2618 2022 2648 357.

193 2663 260 2690 Alia
291 2663 378 2692 huius
407 2664 568 2701 scripturae
599 2665 736 2701 exempla
765 2664 857 2692 habes
888 2665 917 2692 in
954 2665 1020 2692 cod.
1044 2664 1137 2692 Vatic.
1172 2663 1277 2700 10763
1310 2665 1348 2701 (v.
1378 2663 1576 2697 BANNISTER,
1613 2662 1727 2691 Ordine
1760 2663 1960 2691 Ambrosiano
1993 2663 2024 2690 in

191 2713 385 2742 Miscellanea
415 2715 541 2743 Ceriani.
572 2715 695 2749 Milano,
731 2723 818 2752 1910,
848 2724 897 2752 pp.
933 2715 1108 2752 127—141)
1141 2721 1169 2743 et
1196 2715 1278 2751 apud
1309 2714 1414 2748 Loew,
1444 2714 1593 2751 Scriptura
1623 2714 1837 2742 Beneventana
1869 2713 1948 2741 tabb.
1972 2712 2020 2749 69.

193 2771 240 2800 70.
264 2764 303 2801 85
328 2769 381 2793 etc.
471 2765 532 2793 280
547 2767 581 2801 ><
602 2765 658 2802 178
676 2775 760 2801 mm.;
784 2766 813 2793 ff.
842 2766 1110 2801 144.—Continet
1132 2766 1228 2794 codex
1252 2759 1497 2802 Evangeliarium.
1521 2782 1562 2785 -
1585 2764 1678 2799 Quod
1703 2764 1877 2793 exhibemus
1901 2764 1949 2792 fol.
1973 2763 2022 2799 46,

1819 2819 1832 2844 3

2053 1880 2064 1899 5

2041 1965 2065 1978 10

2041 2050 2064 2068 ¹5

2039 2347 2063 2365 ²5

2038 2431 2063 2451 30
