2151 3261
61 728 83 741 10

60 856 83 874 ¹5

58 941 83 954 20

59 1455 82 1468 10

58 1667 83 1680 20

58 1881 83 1900 30

60 2470 84 2483 10

60 2684 84 2696 20

887 258 1150 286 -ΧΧΧ-

99 346 159 375 286
176 350 209 382 ><
227 355 286 384 213
303 357 382 382 mm.y
406 349 436 376 ff.
462 356 531 385 519.
547 366 588 369 —
605 349 711 378 Codex
734 352 868 380 continet
884 351 962 379 Petri
979 352 1100 379 Aureoli
1123 352 1186 380 ord.
1204 352 1276 380 Min.
1301 354 1548 382 commentarium
1572 354 1601 382 in
1625 355 1672 383 lib.
1691 355 1704 383 I
1720 356 1938 386 Sententiarum

99 397 175 426 Petn·
199 398 370 432 Lombardi,
402 399 510 436 pluries
540 401 618 438 typis
645 410 826 438 expressum,
849 403 884 430 cf.
909 410 981 439 prae
1004 403 1108 431 ceteris
1131 403 1293 431 editionem
1318 404 1488 433 Romanam
1512 414 1559 433 an.
1587 406 1673 442 1596.
1720 407 1755 435 In
1778 408 1828 436 fol.
1851 414 1940 446 435⁹,

99 449 181 485 quod
205 449 389 484 exhibemus,
413 450 507 479 habes
530 452 595 480 dist.
612 460 661 486 41,
685 458 735 480 art.
753 461 780 487 4,
804 458 916 490 quaest.
941 462 958 488 4
984 453 1026 487 (in
1051 454 1097 481 ed.
1122 453 1237 482 Romae
1260 455 1306 482 cit.
1327 455 1349 488 Ι,
1373 454 1455 492 933).
1483 456 1565 485 cuius
1587 458 1731 494 scriptura
1754 460 1941 496 compendiis

97 500 270 537 theologicis
292 501 463 538 plenissima
487 502 563 530 lectu
587 508 629 530 est
652 512 725 531 sane
748 504 882 531 difficilis.
964 509 989 543 qi
1008 512 1084 536 Unde
1107 512 1290 543 predestinatus
1315 518 1400 544 posset
1423 514 1497 546 mori]
1522 515 1547 538 in
1569 520 1670 546 peooeto
1687 516 1787 540 mortali
1805 518 1940 542 seeundum

96 556 122 572 se
139 549 316 578 consideratus,
340 551 384 574 sed
403 557 476 582 prout
495 552 612 583 accipitur
630 559 654 576 et
671 554 673 582 Ι
690 553 790 584 ponitur
808 561 862 577 esse
880 554 1069 585 predestinatus,
1087 555 1290 586 incompossibile
1308 560 1345 579 est
1363 557 1424 588 quin
1443 557 1558 581 saluetur.
1591 557 1642 581 Sed
1661 557 1700 582 hic
1715 559 1719 589 Ι
1735 559 1825 583 modus
1843 560 1940 584 dicendi

97 591 297 622 desperationem
322 592 464 617 hominibus
489 594 590 618 inducit.
627 596 695 619 Sicut
717 596 782 619 enim
801 596 876 628 aliqui
896 601 953 620 sunt
971 597 1152 629 preldestinati‚
1170 598 1206 621 sic
1225 604 1248 621 et
1267 598 1309 622 alii
1328 599 1461 630 reprobati.
1498 599 1607 630 Quando
1625 605 1708 624 autem
1727 600 1821 632 ahquid
1840 607 1877 626 est
1895 603 1941 626 im-

97 634 242 664 mutallbile,
267 635 333 659 facta
357 636 440 667 aliqua
458 637 638 668 suppositione.
664 638 758 662 fatuum
779 643 816 662 est
833 639 916 662 conari
935 639 967 663 ad
985 640 1176 671 immutanldum
1195 640 1264 669 illud,
1288 642 1409 672 quamdiu
1427 647 1476 665 stat
1497 642 1615 666 conditio.
1651 643 1728 667 Unde
1747 648 1814 667 totus
1836 649 1941 668 conatus

98 677 238 709 immutalre
256 678 363 702 uolentis
381 679 457 703 debet
475 687 529 703 esse
542 680 574 703 ad
587 680 723 704 tollendum
737 681 920 710 conditionem
940 683 1003 705 sicut
1015 683 1035 706 si
1048 690 1149 706 necesse
1161 688 1199 706 est
1212 684 1280 715 quod
1294 684 1388 716 Sorjtes
1402 690 1540 713 moueatur,
1559 686 1578 709 si
1594 686 1676 713 currit.
1695 687 1738 717 qui
1752 686 1806 710 uult
1821 687 1942 718 impedire

97 727 128 742 ne
146 726 284 748 moueatur,
300 720 304 751 Ι
320 726 419 752 oportet
437 722 559 754 impedire
577 731 608 746 ne
626 729 713 747 currat.
745 724 796 748 Sed
813 725 972 748 manifestum
989 730 1034 750 est.
1053 725 1121 756 quod
1136 726 1315 757 predestinatio
1328 726 1337 757 ΙΙ
1350 732 1392 750 aut
1410 728 1561 758 reprobatiO,
1580 733 1654 759 prout
1667 729 1692 752 in
1705 728 1762 752 Deo
1773 734 1839 758 sunt,
1857 734 1943 754 nostro

96 767 187 786 conatu
211 763 334 795 impedilri
359 772 408 787 non
435 771 545 796 possunt.
583 766 659 796 Ergo,
683 767 703 789 si
728 767 851 790 stantibus
872 767 920 791 illis
939 768 1142 799 inoompossibile
1161 774 1199 792 est
1217 769 1278 800 quin
1297 769 1404 793 saluetur
1422 770 1424 800 Ι
1442 770 1482 793 ille
1501 774 1526 793 et
1544 770 1694 802 dampnetur
1712 771 1766 799 iste,
1791 772 1881 796 frustm
1899 773 1942 804 qui

97 804 270 836 dampnandus
289 812 327 830 est
343 806 346 837 Ι
362 806 394 830 ad
412 808 556 838 oppositum
575 814 691 836 conatur;
710 809 777 833 unde
795 809 867 833 datur
885 809 981 833 homini
1000 811 1102 834 materia
1121 811 1269 842 desperandi
1288 816 1313 835 et
1329 812 1332 842 Ι
1350 812 1491 843 negligendi
1509 820 1536 837 se
1555 814 1645 844 ipsum.
1664 819 1689 837 et
1703 813 1797 838 tollitur
1808 815 1890 838 omnis
1903 823 1942 839 ex-

97 846 204 871 hortatio
228 847 358 881 salulltaris
383 855 408 873 et
432 851 559 881 persuasio
583 857 608 874 et
626 856 834 876 sacramentor-tun
855 853 988 884 perceptio.
1013 854 1072 884 quia
1091 858 1170 877 totum
1190 859 1228 877 est
1245 862 1346 878 uanum.
1363 854 1366 886 Ι
1382 855 1518 887 Propterea
1537 856 1652 880 dixerunt
1669 856 1711 880 alii
1731 856 1836 889 [Opinio
1853 857 1943 890 Scoti],

97 890 164 921 quod
188 898 243 914 cum
269 891 359 915 dicitur
376 892 446 916 Deus
470 894 658 925 predestinaluit
679 894 782 918 Petrum
806 895 903 923 saluari,
922 903 980 926 ergo
998 895 1147 924 saluabitur:
1172 897 1320 920 antecedens
1339 898 1484 928 contingens
1503 902 1548 926 est,
1573 899 1631 930 quia
1647 899 1650 930 Ι
1667 899 1690 922 in
1712 899 1839 924 intellectu
1857 901 1943 924 diuino

96 933 236 964 implimrur
259 934 430 965 contingentia
453 943 482 959 ex
508 942 578 967 parte
603 937 704 960 obiecti.
739 937 816 961 Unde
842 945 891 961 non
914 942 1043 969 repugnat
1067 939 1130 962 ratio
1154 940 1324 970 contingentie
1347 940 1447 963 obiecto
1471 941 1533 964 scito
1560 941 1599 964 uel
1624 941 1703 965 nolito
1724 943 1882 970 secundarie;
1896 943 1906 974 ΙΙ
1918 949 1943 968 et

95 975 153 999 ideo
178 977 265 999 transit
288 977 467 1007 predestinatio
491 986 566 1010 super
588 979 692 1003 salutem
718 980 795 1008 Petri,
823 988 872 1004 non
898 981 1045 1009 necessario,
1062 981 1065 1012 Ι
1081 981 1126 1004 sed
1151 982 1336 1012 contingenter;
1366 987 1391 1005 et
1417 983 1452 1006 sic
1479 990 1524 1006 nec
1549 983 1616 1007 salus
1641 984 1709 1008 Petri
1736 986 1873 1009 necessaria
1897 990 1942 1014 est,

96 1018 141 1042 sed
172 1019 331 1050 contingens:
361 1021 364 1050 Ι
392 1026 417 1043 et
444 1021 500 1044 ideo
527 1029 573 1044 nec
599 1022 630 1045 de
657 1024 805 1046 necessitate
831 1023 974 1046 saluabitur.
1016 1023 1067 1047 Sed
1090 1031 1136 1047 nec
1158 1024 1206 1047 iste
1229 1023 1328 1056 moffdus
1351 1025 1449 1048 dicendi
1474 1025 1650 1049 difficultatem
1675 1027 1767 1050 euadit.
1803 1027 1943 1058 Quantum-

95 1069 202 1092 cumque
232 1063 298 1085 enim
326 1063 517 1094 contingenter·
539 1064 733 1095 predestinasset
760 1065 830 1088 Deus
858 1065 969 1093 Petrum,
997 1073 1026 1089 ex
1053 1074 1104 1097 quo
1132 1072 1215 1089 tamen
1242 1067 1431 1097 predestinaust,
1458 1067 1566 1098 mulltari
1590 1076 1640 1091 non
1666 1074 1756 1100 potest,
1781 1077 1827 1094 nec
1854 1070 1944 1094 Petrus

96 1111 142 1127 suo
173 1110 264 1127 conatu
297 1110 382 1135 posset
416 1105 502 1129 tollere
534 1114 611 1137 suam
644 1107 897 1138 predestinationem,
930 1115 976 1131 nec
1009 1109 1084 1132 Iudas
1117 1116 1188 1132 suam
1221 1109 1431 1140 reprobationem.
1475 1110 1554 1134 Unde
1582 1110 1585 1141 Ι
1611 1117 1695 1135 manet
1726 1112 1813 1136 eadem
1846 1113 1944 1136 ocmsio

96 1145 245 1177 desperandi
269 1152 294 1170 et
318 1147 458 1178 negligendi
482 1149 604 1180 seipsum;
628 1150 631 1177 Ι
653 1157 711 1172 nam
736 1150 800 1173 sieut
824 1150 974 1174 antecedens
1001 1157 1039 1174 est
1057 1151 1204 1182 contingens
1223 1152 1267 1175 sed
1286 1152 1450 1180 immutabile,
1474 1153 1510 1176 sic
1527 1160 1683 1184 consequens
1701 1153 1866 1186 imlmutabile
1889 1155 1943 1183 erit,

61 1197 67 1202 ¹
95 1194 326 1221 quantumcumque
357 1191 510 1222 contingens.
552 1191 746 1215 Imrnutabilitas
777 1198 860 1215 autem
880 1193 889 1223 ΙΙ
908 1200 1009 1217 omnem
1034 1199 1150 1218 conatum
1175 1194 1358 1218 frustratorium
1383 1195 1465 1218 reddit
1488 1201 1513 1218 et
1537 1203 1638 1219 uanum.
1676 1195 1722 1228 [Et
1747 1197 1804 1220 ideo
1827 1197 1944 1222 dixerunt

95 1231 136 1254 alii
164 1231 271 1263 [Opinio
298 1232 423 1265 Durandi]
442 1234 451 1264 ΙΙ
471 1233 517 1265 [ita
547 1242 592 1258 nec
618 1234 681 1258 alius
708 1234 785 1258 homo
812 1236 905 1266 poterit
931 1236 1054 1267 impedire
1080 1236 1158 1259 finem
1186 1237 1219 1260 ad
1242 1244 1317 1268 quem
1343 1236 1540 1269 predestina]tus
1564 1243 1616 1266 est,
1649 1243 1692 1262 aut
1717 1239 1819 1262 finalem
1844 1247 1944 1271 penam,

95 1279 209 1306 respectu
243 1276 311 1299 cuius
341 1276 431 1300 dicitur
464 1277 616 1308 reprobatus.
641 1276 645 1308 Ι
671 1277 751 1309 [Quid
785 1278 919 1302 dicendum
953 1279 1089 1302 secundum
1122 1279 1274 1311 ueritatem]
1321 1280 1413 1303 Restat
1440 1280 1515 1311 igitur
1541 1288 1606 1304 nune
1632 1281 1714 1304 dicere
1742 1282 1811 1313 quod
1837 1282 1943 1306 uidetur.

96 1317 173 1340 Unde
191 1317 345 1350 inconcujsse
364 1319 500 1342 tenendum
519 1324 565 1347 est,
584 1320 652 1351 quod
671 1321 850 1351 predestinatio
869 1321 962 1345 nullam
981 1321 1218 1354 immultabilitatem
1236 1323 1333 1346 inducit
1345 1323 1407 1346 circa
1420 1323 1524 1346 salutem
1539 1323 1714 1348 saluandorum
1727 1332 1773 1348 nec
1784 1324 1944 1357 rellprobatio

95 1359 157 1383 cisoe
169 1368 259 1391 penam
272 1360 403 1385 hominum
415 1362 641 1393 dampnandorum.
673 1363 699 1387 Si
712 1365 777 1387 enim
794 1364 797 1395 Ι
813 1363 877 1388 hanc
888 1364 1016 1388 induceret
1028 1365 1214 1396 predestinatio,
1227 1364 1275 1388 hoc
1290 1370 1355 1389 esset
1367 1365 1407 1388 uel
1420 1366 1516 1389 ratione
1527 1367 1683 1397 prescientie‚
1699 1366 1703 1398 Ι
1719 1375 1795 1398 quam
1809 1368 1942 1399 subponit;

95 1402 135 1426 uel
159 1403 254 1426 ratione
278 1404 415 1428 uoluntatis
439 1410 464 1428 et
488 1406 619 1436 propositi,
643 1414 718 1437 quam
741 1406 887 1438 formalliter
904 1408 1030 1439 importat.
1066 1407 1117 1431 Sed
1136 1412 1234 1431 constat
1251 1408 1320 1439 quod
1338 1416 1388 1431 non
1407 1409 1502 1432 ratione
1520 1409 1678 1440 prescientie,
1702 1410 1760 1441 quia
1778 1417 1829 1433 non
1846 1409 1944 1443 aslpicit

95 1452 146 1468 rern
172 1449 201 1468 ut
224 1446 342 1475 Futuram,
366 1452 394 1470 ut
418 1455 447 1470 ex
471 1447 518 1471 hoc
536 1447 609 1471 liceat
628 1449 718 1472 inferre
736 1449 831 1480 aliquid
850 1450 876 1473 in
889 1449 898 1480 ΙΙ
911 1450 1030 1478 futurum,
1055 1454 1097 1474 aut
1115 1458 1217 1481 arguere
1236 1451 1305 1482 quod
1323 1451 1431 1479 eueniet,
1449 1456 1478 1475 ut
1497 1452 1609 1483 superius
1628 1452 1722 1476 dictum
1741 1453 1797 1476 fm't.
1813 1453 1817 1483 Ι
1832 1453 1877 1476 Ad
1894 1452 1944 1477 huc

95 1495 141 1511 nec
159 1488 255 1512 ratione
271 1488 408 1513 uoluntatis
426 1495 470 1513 aut
487 1491 617 1522 propositi.
637 1492 696 1522 quia
714 1491 866 1515 declaratum
883 1493 886 1523 Ι
902 1497 948 1520 est,
966 1492 1035 1524 quod
1053 1492 1120 1516 nulla
1135 1493 1224 1516 uolitio
1235 1493 1368 1516 intrinseca
1382 1493 1438 1517 Deo
1453 1494 1541 1517 transit
1552 1501 1628 1525 super
1639 1494 1746 1518 salutem
1759 1495 1830 1518 Petri
1846 1496 1849 1525 Ι
1865 1496 1944 1527 magis

95 1538 170 1561 quam
189 1538 264 1562 super
282 1532 334 1555 eius
353 1532 506 1563 oppositum,
525 1533 570 1556 sed
588 1533 706 1558 uoluntas
725 1535 876 1565 operationis
895 1535 988 1563 diuine,
1004 1536 1008 1567 Ι
1024 1535 1118 1559 scilicet
1135 1536 1280 1559 iustifioetio
1299 1543 1342 1567 per
1359 1537 1463 1567 gratiam
1476 1541 1501 1560 et
1514 1537 1668 1560 beatificatio
1680 1545 1725 1568 per
1737 1537 1849 1568 gloriam,
1867 1546 1943 1569 quam

95 1573 166 1597 Deus
183 1573 324 1605 oilperatun
342 1579 370 1598 ut
388 1576 484 1606 previse
502 1576 534 1599 ab
553 1581 639 1599 eterno
657 1582 723 1605 sunt,
742 1577 803 1600 illud
821 1578 986 1609 propositum,
1005 1578 1074 1609 quod
1094 1577 1170 1602 habet
1190 1579 1259 1601 Deus
1277 1578 1309 1601 de
1325 1580 1328 1609 Ι
1344 1579 1424 1602 salute
1443 1579 1510 1602 beati
1527 1579 1604 1603 Petri.
1636 1579 1742 1604 Constat
1759 1585 1852 1608 autem.
1875 1581 1944 1612 quod

96 1615 151 1639 talis
169 1617 282 1648 operatio
300 1622 328 1640 ut
346 1618 451 1649 previsa,
470 1619 495 1641 in
512 1619 514 1648 Ι
531 1618 600 1642 nullo
618 1620 707 1650 aspicit
724 1619 828 1643 salutem
843 1620 912 1644 Petri
929 1625 958 1644 ut
976 1621 1094 1649 futuram,
1117 1626 1141 1644 et
1159 1628 1204 1652 per
1222 1629 1377 1652 consequens
1393 1621 1397 1653 Ι
1413 1629 1462 1645 non
1482 1627 1566 1653 potest
1584 1622 1669 1646 inferri
1687 1630 1718 1646 ex
1736 1630 1773 1650 ea,
1791 1623 1860 1654 quod
1877 1623 1944 1648 salus

96 1658 165 1682 Petri
190 1659 272 1683 futura
296 1660 328 1684 sit
351 1666 395 1684 aut
418 1662 524 1684 eueniat.
561 1662 629 1693 Ergo
654 1662 723 1686 nullo
746 1663 824 1686 modo
848 1663 1028 1694 predestinatio
1052 1664 1095 1686 dat
1119 1663 1187 1694 quod
1211 1662 1382 1695 iniimutabilis
1406 1665 1438 1687 sit
1462 1669 1575 1693 euentus,
1600 1665 1658 1696 quia
1682 1665 1751 1688 nullo
1776 1666 1853 1689 modo
1869 1666 1944 1690 insert

95 1706 221 1725 euentum.
239 1701 242 1734 Ι
258 1703 376 1727 Preterea
394 1711 445 1727 non
463 1704 518 1736 plus
536 1705 607 1729 dedit
625 1705 844 1729 inmutabilitatem
864 1706 997 1730 saluationi
1013 1707 1016 1737 Ι
1032 1706 1110 1735 Petri,
1129 1707 1186 1738 quia
1205 1706 1388 1738 predestinatus
1407 1707 1490 1731 extitit
1507 1708 1539 1731 ab
1555 1712 1650 1736 eterno,
1670 1715 1746 1739 quam
1759 1708 1857 1732 dederit
1868 1709 1924 1737 sibi,
1939 1707 1943 1740 Ι

95 1744 154 1775 quia
177 1744 253 1768 hodie
276 1750 314 1769 est
338 1746 456 1770 saluatus.
493 1748 596 1771 Dictum
621 1753 659 1771 est
683 1748 750 1771 enim
774 1756 842 1779 sepe,
867 1749 937 1779 quod
960 1749 1054 1773 nullam
1078 1749 1152 1773 aliam
1168 1750 1172 1780 Ι
1188 1749 1423 1773 determinationem
1448 1749 1525 1774 habet
1545 1758 1583 1774 res
1602 1758 1632 1774 ex
1650 1751 1799 1782 prescientia
1817 1751 1870 1775 siue
1889 1759 1943 1783 pre-

58 1795 69 1808 2
96 1787 263 1811 destinatione
281 1789 329 1812 nisi
341 1789 351 1819 ΙΙ
364 1789 431 1813 illam
449 1794 510 1818 met,
529 1798 604 1821 quam
622 1790 699 1814 habet
717 1799 747 1814 ex
765 1799 810 1814 sua
828 1791 917 1815 actuali
935 1792 1068 1823 positione.
1099 1792 1150 1816 Sed
1163 1796 1268 1820 constat,
1288 1793 1357 1823 quod
1369 1800 1400 1816 ex
1412 1792 1468 1821 hoc,
1486 1793 1555 1824 quod
1567 1792 1644 1816 hodie
1656 1793 1746 1817 Petrus
1764 1793 1944 1825 estgsaluatus.

95 1837 146 1853 non
169 1830 304 1855 tollebatur
325 1833 495 1863 contingentia
518 1833 661 1865 antelquam
686 1839 743 1857 actu
767 1834 912 1863 saluaretm,
939 1835 1000 1866 quin
1023 1841 1109 1866 posset
1129 1843 1200 1859 suam
1216 1836 1220 1866 Ι
1236 1836 1342 1859 salutem
1361 1836 1482 1867 impedire
1501 1837 1577 1860 etiam
1596 1844 1651 1860 cum
1671 1837 1772 1865 effectu,
1796 1845 1843 1861 nec
1859 1842 1912 1861 erat
1931 1836 1943 1870 ΙΙ

96 1876 154 1896 tunc
172 1873 337 1898 determinate
354 1882 454 1898 uerum:
474 1876 564 1899 Petrus
581 1876 726 1903 saluabstur,
744 1876 800 1900 licet
820 1875 997 1908 [determinate
1015 1877 1090 1901 hodie
1108 1885 1196 1901 uerum
1215 1878 1255 1906 sit,
1274 1878 1343 1909 quod
1361 1883 1399 1902 est
1416 1879 1534 1902 saluatus.

250 1947 301 1980 42
311 1940 347 1973 b.
386 1944 477 1973 Palat.
495 1953 563 1981 324,
581 1946 651 1973 olim
668 1946 804 1974 Iannocii
822 1944 949 1972 Manetti
967 1943 1004 1982 (v.
1022 1944 1039 1970 f.
1061 1942 1115 1981 IV),
1134 1943 1267 1972 Udalrici
1283 1944 1399 1982 Fugger
1415 1948 1453 1981 (v.
1471 1944 1501 1972 P.
1519 1944 1671 1972 FRANCtn
1685 1945 1733 1972 dE'
1751 1945 1943 1979 CAVALOERI,

95 1993 120 2020 Il
143 1994 240 2023 rotulo
267 1995 297 2022 di
329 1995 444 2024 Giosue
473 1996 503 2024 in
528 1997 625 2025 Codd.
657 2006 673 2025 e
696 1997 791 2025 Vatic.
817 1996 927 2029 selecti,
951 1996 1006 2023 vol.
1031 1995 1067 2022 V.
1092 1995 1198 2029 Roma,
1227 2003 1314 2032 1905,
1337 2005 1365 2033 p.
1387 2003 1422 2032 5;
1446 1996 1644 2030 vannson,
1669 1996 1766 2025 Codd.
1790 1997 1880 2026 Palat„
1902 2007 1944 2035 gr.

95 2054 145 2082 pp.
180 2045 270 2073 XXV
297 2046 361 2083 ss),
407 2048 529 2075 demum
575 2049 784 2085 bybliothecae
826 2047 1098 2084 Heidelbergensis.
1159 2046 1266 2075 Codex
1309 2052 1448 2075 exaratus
1489 2057 1536 2075 an.
1572 2047 1649 2082 1284
1698 2048 1728 2075 in
1778 2048 1862 2076 Italia
1905 2047 1944 2086 (ι.

96 2097 114 2124 f.
135 2096 232 2135 188V),
256 2098 353 2126 littera
375 2098 512 2133 Gostu'ca,
535 2100 724 2136 compendiis
750 2100 886 2128 abundat
908 2099 990 2136 apud
1014 2098 1170 2135 theologos
1193 2098 1314 2126 usitatis.
1361 2098 1504 2126 Continet
1527 2107 1545 2133 4
1570 2098 1596 2126 ll.
1620 2099 1842 2127 Sententiarum
1866 2100 1944 2128 Petri

96 2147 268 2177 Lombardi.
357 2149 417 2185 246
434 2154 466 2186 ><
488 2151 545 2187 196
569 2160 648 2184 mm„
672 2151 702 2178 ff.
731 2151 797 2179 188.
823 2167 861 2170 -κ
885 2150 922 2178 In
945 2150 994 2177 fol.
1019 2152 1085 2185 57⁹,
1117 2150 1199 2186 quod
1229 2149 1414 2183 exhibemus,
1444 2149 1539 2178 habes
1565 2150 1612 2178 lib.
1637 2150 1677 2183 ΙΙ,
1701 2150 1767 2178 dist.
1791 2151 1814 2184 I,
1837 2160 1901 2188 cap.
1925 2160 1943 2186 4

97 2198 134 2235 (ν.
158 2199 185 2227 S.
210 2199 440 2229 Bonaventurae
464 2201 543 2239 Opp.
567 2202 683 2233 omnia:
708 2203 754 2230 ed.
778 2203 860 2239 apud
877 2201 980 2230 Claras
997 2201 1110 2237 Aquas,
1134 2200 1165 2228 11
1190 2199 1307 2238 (1885),
1337 2199 1393 2237 12).
1459 2205 1484 2240 qi
1503 2207 1641 2239 [Distincta
1659 2213 1696 2232 est
1716 2209 1800 2239 itaque
1817 2208 1944 2232 rationalis

96 2253 207 2272 creatura
231 2250 256 2273 in
280 2251 451 2282 incorpoream
477 2257 501 2275 et
527 2251 697 2284 eor]poream;
724 2257 748 2275 et
767 2253 911 2283 incorporea
929 2250 1032 2282 quidem
1051 2250 1162 2280 angelus,
1179 2257 1298 2281 corporea
1316 2258 1376 2274 uero
1394 2250 1471 2274 homo
1489 2255 1600 2278 uocatur,
1617 2250 1620 2282 Ι
1637 2258 1666 2274 ex
1686 2251 1769 2274 anima
1787 2251 1902 2275 rationali
1919 2256 1945 2275 et

96 2298 169 2315 oerne
193 2292 339 2317 subsistens.
375 2293 509 2318 Condictio
533 2302 591 2326 ergo
615 2294 750 2319 raltionalis
775 2299 885 2318 creature
909 2294 1015 2325 primam
1039 2300 1140 2316 causam
1164 2292 1252 2316 habuit
1270 2293 1320 2316 Dei
1342 2293 1481 2317 bonitatem
1509 2292 1604 2325 [Quare
1627 2297 1722 2317 creatus
1747 2293 1780 2317 sit
1802 2293 1880 2317 horno
1904 2293 1942 2317 vel

96 2336 219 2368 angelus}
255 2337 325 2363 Ideo,
350 2337 371 2360 si
389 2338 508 2369 queritur,
527 2346 604 2369 quare
622 2343 718 2362 creatus
737 2338 769 2361 sit
786 2337 865 2361 homo
883 2336 922 2360 uel
941 2336 1051 2367 angelus,
1065 2334 1074 2366 ΙΙ
1087 2336 1197 2360 breuiter
1215 2336 1360 2367 responderi
1378 2340 1474 2367 potest:
1494 2340 1596 2368 propter
1613 2336 1751 2360 bonitatem
1770 2337 1832 2360 eius.
1868 2336 1945 2360 Unde

95 2380 252 2411 Augustinus
269 2379 272 2411 Ι
289 2380 313 2403 in
326 2380 390 2403 libro
399 2380 431 2404 de
445 2380 558 2404 doctrina
572 2381 718 2404 christiana:
733 2381 791 2412 quia
802 2381 884 2403 bonus
898 2385 936 2403 est
946 2380 1024 2407 Deus,
1037 2387 1136 2406 sumus:
1151 2384 1176 2403 et
1188 2379 1214 2402 in
1227 2384 1348 2410 quantum
1362 2386 1456 2407 sumus,
1472 2378 1476 2410 Ι
1491 2379 1551 2403 boni
1563 2386 1658 2403 sumus.
1681 2378 1735 2410 [Ad
1747 2379 1809 2410 quid
1821 2383 1903 2403 creata
1912 2379 1945 2403 sit

97 2422 223 2446 rationalis
243 2422 374 2454 creatura.]
410 2424 445 2447 Et
463 2424 483 2446 si
503 2424 621 2455 queritur,
640 2424 673 2447 ad
691 2424 752 2455 quid
769 2428 851 2447 creata
870 2424 903 2446 sit
920 2422 1047 2446 rationalis
1065 2426 1184 2449 creatura,
1203 2421 1368 2453 respondetur
1383 2421 1387 2453 Ι
1402 2422 1434 2445 ad
1453 2421 1606 2445 laudandum
1625 2422 1716 2450 Deum,
1735 2422 1768 2446 ad
1785 2422 1943 2446 seruiendum

97 2465 128 2493 ei,
146 2465 179 2488 ad
197 2465 329 2489 §ruendum
348 2473 387 2494 eo,
400 2466 410 2496 ΙΙ
423 2467 449 2489 in
467 2466 557 2497 quibus
576 2467 676 2498 proficit
694 2466 757 2498 ipsa,
781 2473 832 2489 non
852 2466 929 2489 Deus.
966 2465 1036 2488 Deus
1055 2465 1121 2488 enim
1140 2465 1265 2496 perfectus
1283 2469 1308 2488 et
1325 2472 1423 2488 summa
1442 2464 1563 2496 boniltate
1581 2464 1678 2496 plenus,
1696 2472 1742 2488 nec
1759 2465 1843 2496 augeri
1861 2469 1945 2496 potest

97 2515 142 2530 nec
159 2507 246 2530 minui.
276 2507 352 2538 Quod
370 2508 444 2540 igitur
459 2508 463 2539 Ι
479 2509 605 2532 rationalis
623 2513 734 2532 creatura
752 2509 818 2532 facta
836 2512 874 2532 est
891 2516 905 2531 a
917 2508 982 2536 Deo,
1001 2508 1158 2531 referendum
1177 2512 1215 2531 est
1233 2507 1265 2530 ad
1283 2506 1407 2539 creatolris
1424 2507 1563 2531 bonitatem
1575 2512 1601 2531 et
1614 2508 1646 2531 ad
1659 2511 1770 2531 creature
1782 2507 1924 2531 utilitatem.
1939 2504 1943 2537 Ι

98 2549 263 2581 [Breuissima
281 2551 410 2582 responsio
427 2558 483 2574 cum
502 2551 620 2582 queritur,
645 2559 722 2583 quare
740 2551 779 2574 vel
798 2551 830 2574 ad
848 2551 909 2582 quid
927 2550 992 2574 facta
1010 2550 1043 2573 sit
1061 2549 1187 2573 rationalis
1205 2549 1336 2581 creatura.]
1367 2549 1431 2573 Cum
1451 2557 1509 2581 ergo
1527 2550 1646 2581 queritur,
1665 2557 1740 2581 quare
1753 2549 1763 2581 ΙΙ
1776 2549 1816 2573 vel
1833 2550 1866 2574 ad
1883 2550 1945 2581 quid

98 2593 162 2616 facta
184 2593 218 2616 sit
241 2593 368 2617 rationalis
390 2598 509 2622 creatura,
534 2594 679 2618 brevissime
703 2594 847 2626 responderi
866 2598 962 2625 potest:
982 2597 1084 2624 propter
1101 2593 1151 2616 Dei
1168 2593 1307 2616 bonitatem
1326 2596 1352 2616 et
1369 2600 1439 2616 suam
1456 2592 1608 2624 utililtatem.
1644 2592 1714 2616 Utile
1731 2599 1823 2623 nempe
1841 2597 1880 2617 est
1897 2593 1944 2624 ipsi

97 2636 190 2659 seruire
208 2636 266 2659 Deo
283 2640 308 2660 et
326 2637 375 2659 imi
393 2644 430 2659 eo.
450 2636 540 2660 Factus
557 2635 561 2668 Ι
577 2637 651 2668 igit-ur
668 2637 770 2668 angelus
788 2637 842 2660 siue
859 2636 937 2660 homo
954 2640 1057 2667 propter
1071 2635 1154 2658 Deum
1173 2635 1263 2658 dicitur
1281 2642 1344 2663 esse,
1362 2642 1412 2658 non
1425 2635 1483 2666 quia
1497 2639 1592 2658 creator
1603 2635 1674 2658 Deus
1687 2638 1712 2658 et
1727 2635 1730 2666 Ι
1748 2642 1845 2659 summe
1857 2635 1944 2659 beatus

97 2677 198 2701 alterius
222 2678 355 2709 indiguerit
380 2679 472 2707 offitio,
496 2680 539 2710 qui
563 2680 687 2703 bonorum
700 2679 710 2711 ΙΙ
722 2685 864 2703 nostrorum
889 2686 939 2702 non
963 2683 1028 2709 eget,
1056 2677 1100 2701 sed
1120 2682 1149 2700 ut
1172 2677 1277 2701 seruiret
1301 2678 1323 2701 ei
1346 2685 1375 2701 ac
1399 2678 1521 2701 frueretur
1538 2685 1576 2705 eo,
1592 2677 1596 2707 Ι
1612 2678 1652 2701 cui
1670 2679 1763 2702 seruire
1780 2685 1881 2709 regnare
1899 2682 1944 2701 est.

98 2721 128 2744 In
146 2719 193 2744 hoc
211 2721 276 2744 enim
295 2721 395 2752 proiicit
413 2722 532 2747 seruiens.
551 2729 600 2745 non
621 2722 660 2745 ille
678 2723 717 2746 cui
736 2723 848 2745 seruitur.
880 2721 960 2753 [Sicut
980 2721 1059 2744 factus
1077 2726 1115 2743 est
1132 2719 1209 2744 homo
1227 2725 1255 2743 ut
1267 2721 1324 2744 Deo
1342 2721 1454 2748 semirct.
1473 2721 1508 2744 sic
1523 2721 1526 2750 Ι
1542 2721 1650 2744 mundus
1668 2726 1696 2744 ιιι
1713 2721 1817 2744 seruiret
1828 2719 1944 2752 homini]

101 2763 133 2786 Et
151 2764 214 2786 sicut
233 2763 311 2787 tactus
330 2769 367 2787 est
386 2763 462 2786 homo
478 2764 482 2795 Ι
499 2771 599 2795 propter
612 2764 705 2792 Deum,
724 2765 749 2787 id
768 2770 805 2787 est
823 2770 850 2787 ιιι
868 2766 890 2787 ei
909 2766 1021 2791 ser-niret,
1037 2763 1069 2786 ita
1089 2763 1196 2786 mundus
1216 2763 1295 2786 factus
1313 2768 1351 2786 est
1367 2768 1469 2794 propter
1482 2763 1635 2794 hollminem,
1654 2763 1747 2786 scilicet
1759 2768 1787 2786 ut
1799 2763 1822 2786 ei
1835 2763 1944 2786 seruiret.
