2160 3300
897 245 937 249 —
981 228 1090 256 XVIII
1135 244 1175 247 —

112 329 227 360 partem
251 323 375 359 praebet
407 323 567 351 lectionum
598 323 688 351 feriae
713 322 758 350 ΙΙΙ
783 328 811 350 et
835 322 877 350 IV
902 327 970 358 post
993 321 1175 349 dominicam
1202 321 1242 348 IV
1276 320 1532 358 Quadragesimae
1563 321 1618 357 (Io.
1646 329 1671 357 7,
1696 321 1734 349 28
1748 331 1776 349 ss
1806 326 1835 350 et
1858 321 1900 350 Io.
1925 330 1953 358 9,

118 376 190 409 1ss).
222 390 261 394 —
292 374 336 402 Cf.
361 373 628 402 EHRENSBERGER
659 374 674 401 l.
698 384 721 401 c.
752 382 779 410 p.
804 381 882 409 432;
915 373 1104 400 Bas-smum
1136 372 1151 399 l.
1175 381 1198 399 c.
1223 381 1250 399 n.
1275 378 1343 408 357.
1427 376 1451 411 ql
1471 378 1525 402 Ioh.
1545 379 1606 407 vn.
1628 379 1671 403 28:
1697 384 1722 402 et
1739 388 1753 402 a
1772 387 1812 403 me
1830 380 1885 411 ipso
1903 387 1952 403 non

112 424 179 451 ueni.
198 424 242 447 sed
261 429 299 447 est
316 431 389 447 uerus
401 423 405 455 Ι
416 424 459 455 qui
478 424 545 447 misit
563 431 612 451 me,
630 430 704 454 quem
724 430 768 446 uos
789 423 897 446 nescitis.
930 428 969 452 29.
988 422 1044 453 Ego
1056 422 1058 453 [
1070 422 1121 445 scio
1139 429 1204 449 eum.
1224 422 1283 452 quia
1301 421 1333 444 ab
1351 422 1407 452 ipso
1425 429 1480 445 sum
1500 427 1524 445 et
1543 422 1596 452 ipse
1610 429 1650 445 me
1661 420 1664 453 Ι
1676 422 1752 445 misit.
1780 422 1814 446 Et
1825 423 1846 446 si
1859 422 1953 450 dixero,

86 475 96 494 5
110 467 168 498 quia
187 467 270 490 nescio
289 474 354 494 eum,
368 466 376 497 ΙΙ
391 474 432 489 ero
450 466 537 489 similis
561 466 634 490 uobis
652 466 767 490 mendax.
804 466 838 488 Et
856 465 908 489 scio
926 472 993 492 eum,
1010 466 1014 495 Ι
1030 464 1088 495 quia
1112 464 1143 487 ab
1162 464 1218 494 ipso
1235 471 1289 487 sum
1309 468 1334 487 et
1352 464 1406 495 ipse
1424 471 1465 487 me
1484 464 1559 487 misit.
1576 466 1580 493 Ι
1596 470 1636 494 30.
1656 464 1800 495 Querebant
1818 471 1878 496 ergo
1895 473 1952 488 eurn

73 517 97 530 ιο
109 508 296 540 apprehendere
314 515 339 532 et
355 508 359 540 Ι
375 516 449 532 nemo
467 510 534 532 misit
553 510 578 532 in
597 509 666 532 illum
686 516 795 535 manum,
815 509 872 540 quia
891 507 1003 531 nondum
1019 507 1023 537 Ι
1039 511 1141 530 uenerat
1160 506 1222 530 hora
1243 507 1303 530 eius.
1332 512 1372 537 31.
1391 507 1431 530 De
1451 507 1522 530 turba
1539 512 1623 530 autem
1643 505 1732 538 mulllti
1753 507 1912 531 crediderunt
1929 508 1954 530 in

110 559 173 575 eum.
185 565 216 570 —-
231 552 304 575 Feria
317 552 378 575 1111.
394 551 530 583 Sequentia
542 551 545 582 Ι
557 552 635 575 sancti
654 551 776 582 euangelii
794 551 930 575 secundum
943 549 1089 573 Iohannem.
1121 551 1150 573 In
1169 549 1211 573 illo
1231 554 1343 581 tempore
1355 549 1426 578 (lx).
1440 550 1442 579 Ι
1458 556 1478 573 1.
1492 550 1629 580 preteriens
1647 549 1718 573 Iesus
1736 549 1800 573 uidit
1817 549 1953 581 homilnem

73 603 95 621 15
109 602 194 618 cecum
212 602 226 617 a
242 594 373 617 natiuitate
385 593 422 625 (2)
435 593 437 624 Ι
450 599 474 617 et
487 594 699 625 interrogauerunt
712 601 768 617 eum
781 592 927 625 discipulllis
939 593 1003 616 suis:
1024 593 1119 620 Rabbi,
1138 593 1194 624 quis
1206 593 1326 624 peccauit,
1338 591 1341 623 Ι
1353 591 1393 615 hic
1405 597 1448 615 aut
1461 597 1576 623 parentes
1589 591 1650 619 eius,
1668 596 1696 615 ut
1707 591 1711 623 Ι
1722 599 1794 616 cecus
1807 598 1954 616 nasceretur.

71 646 95 658 20
109 639 141 667 (3)
156 637 302 667 Respondit
329 637 413 659 Iesus:
430 636 522 668 Neque
535 636 574 660 hic
590 637 701 667 peccauit
715 643 796 667 neque
808 635 810 667 Ι
823 640 937 667 parentes
951 636 1012 663 eius,
1031 635 1075 658 sed
1087 639 1115 658 ut
1128 635 1283 658 manifestem
1298 640 1336 658 tur
1349 642 1424 666 oper-a
1437 634 1486 658 Dei
1501 635 1524 657 in
1540 634 1590 657 illo.
1622 635 1654 664 (4)
1676 634 1719 658 Me
1733 633 1841 666 oporltet
1858 635 1954 666 operari

109 688 186 711 opera
205 680 266 707 eius,
286 679 329 710 qui
348 679 416 702 misit
434 686 481 702 me.

264 753 320 786 16.
345 757 509 794 Borgianus
539 757 587 784 lat.
619 764 688 792 339,
720 756 790 783 olim
820 756 991 784 monasterii
1020 756 1197 784 Absarensis
1221 755 1345 791 [Ossero
1368 756 1399 783 in
1423 755 1596 793 Dalmatia),
1619 764 1666 783 an.
1695 754 1771 783 1082
1798 755 1836 792 (ν.
1860 756 1889 782 ff.
1915 763 1953 792 57

110 810 184 845 —9)
216 809 245 836 in
276 809 458 837 monasterio
489 817 510 836 s.
535 808 651 836 Nicolai
676 808 835 836 Absarensi
859 813 1004 841 exaratus,
1033 807 1186 844 specimen
1210 807 1334 844 praebet
1356 807 1470 835 litterae
1495 807 1728 835 Beneventanae
1751 807 1780 834 in
1804 806 1955 835 Dalmatia

109 861 243 888 usitatae.
296 859 340 888 Cf.
372 859 479 888 CAGIN
509 860 539 886 in
571 859 674 887 Rex-ue
706 859 760 886 des
791 857 1023 896 Bibliotheques.
1048 858 1108 885 XII
1134 858 1251 896 (1902),
1282 865 1416 894 41—73.
1523 865 1582 894 275
1600 861 1633 893 ><
1654 866 1709 895 192
1735 867 1821 893 mm.;
1851 858 1881 885 ff.
1907 865 1954 894 59.

109 911 252 939 Continet
286 911 451 947 fragmenta
485 910 717 947 Evangelistarii.
774 910 809 937 In
840 909 890 939 fol,
915 917 962 946 35,
993 910 1076 946 quod
1107 909 1290 942 exhibemus,
1322 909 1416 937 habes
1446 905 1593 936 ‘nuntium
1625 908 1763 946 paschae’
1791 908 1850 946 (ed.
1873 909 1955 946 apud

110 962 232 995 EBNER,
256 962 317 990 Iter
340 962 483 995 Italicum,
507 971 534 998 p.
560 960 620 997 308
645 966 674 989 et
697 961 779 997 apud
802 960 909 989 Cat-‚rx
933 961 949 988 l.
977 970 1000 988 c.
1024 969 1073 998 pp.
1099 969 1146 997 54.
1171 968 1231 997 55).
1277 960 1322 989 Cf.
1347 961 1461 988 EBNER
1484 961 1500 988 l.
1525 970 1547 988 c.
1572 969 1621 997 pp.
1650 968 1714 996 153.
1739 960 1816 996 3o8;
1848 960 1955 988 CAGlN

109 1014 125 1041 l.
150 1023 191 1049 c.;
216 1013 361 1050 Catalogo
385 1013 463 1040 della
487 1012 676 1049 esposizione
692 1011 877 1049 Gregoriana
899 1011 929 1039 in
950 1011 1035 1039 Studi
1051 1021 1068 1040 e
1083 1012 1158 1045 testi,
1182 1021 1210 1039 n.
1227 1011 1316 1045 XIII,
1341 1012 1446 1046 Roma,
1475 1020 1562 1047 1904,
1586 1021 1613 1048 p.
1632 1012 1679 1048 58,
1703 1021 1731 1039 n.
1753 1012 1820 1047 104.
1864 1012 1955 1040 Aliud

109 1065 220 1092 codicis
242 1064 397 1101 specimen
419 1064 548 1100 reperies
564 1063 593 1090 in
611 1063 808 1096 BANNISTER,
832 1062 1016 1100 Paleografia
1033 1063 1175 1091 musicale
1192 1063 1286 1091 Vatic.
1306 1072 1334 1090 n.
1351 1062 1421 1099 365,
1444 1063 1503 1090 tab.
1519 1070 1534 1098 7
1538 1059 1582 1098 3¹³.
1649 1068 1674 1102 qs
1687 1070 1875 1094 Annuntiamus
1892 1069 1956 1094 kari-

110 1119 194 1145 tatem,
213 1114 389 1137 annuntiamus
405 1112 409 1145 Ι
425 1113 565 1141 karitatem,
584 1113 760 1136 annuntiamus
778 1112 878 1135 karitati
896 1116 978 1141 uest15
997 1112 1064 1136 diem
1081 1113 1084 1143 Ι
1100 1120 1217 1144 magnum
1237 1117 1261 1136 et
1280 1112 1474 1136 sacratissimum
1493 1116 1605 1136 sanctum
1625 1112 1716 1144 pascha
1734 1112 1829 1144 men'se
1847 1112 1956 1142 secundo

84 1161 95 1180 5
109 1157 150 1181 die
172 1157 293 1180 uicesimo
317 1161 405 1187 quarto
433 1164 487 1180 esse
509 1160 585 1179 uentu
599 1154 668 1187 lmm,
694 1156 915 1187 septuagessimam
940 1163 999 1179 vero
1023 1163 1109 1179 mense
1133 1155 1292 1186 duodecimo
1311 1155 1352 1178 die
1368 1155 1490 1179 uicesimo
1507 1162 1562 1178 esse
1580 1161 1719 1179 uenturam.
1754 1155 1831 1178 Unde
1847 1153 1851 1186 Ι
1867 1159 1893 1178 et
1910 1162 1956 1178 nos

108 1207 196 1224 omnes
220 1200 308 1223 fratres
332 1199 456 1223 karissimi
479 1200 646 1223 communiter
669 1198 836 1229 clemenjtiam
860 1199 957 1222 domini
982 1199 1150 1230 deprecemur,
1175 1203 1202 1221 ut
1226 1198 1256 1221 ad
1276 1198 1382 1221 eandem
1401 1198 1573 1229 festiuiltatem
1592 1197 1665 1221 nobis
1683 1205 1739 1221 cum
1757 1197 1850 1228 gaudio
1868 1202 1893 1221 et
1911 1205 1957 1221 sua

73 1247 96 1260 ¹0
108 1243 187 1274 gratia
204 1243 334 1274 peruenire
352 1241 498 1274 conjlcedat,
516 1246 643 1273 prestante
661 1249 705 1265 sua
723 1241 892 1265 misericordia
910 1241 953 1272 qui
971 1242 998 1264 in
1016 1240 1139 1272 trini[tate
1156 1241 1266 1272 perfecta
1284 1241 1347 1264 uiuit
1366 1245 1391 1264 et
1409 1244 1494 1272 regnat
1515 1259 1519 1263 .
1541 1259 1546 1263 .
1566 1258 1571 1263 .

264 1332 320 1366 17.
355 1329 506 1356 Barberin.
539 1336 628 1364 2724,
660 1328 730 1356 olim
753 1328 925 1357 monasterii
947 1328 974 1356 S.
998 1327 1148 1356 Vincentii
1171 1328 1210 1355 ad
1235 1327 1424 1361 Vulturnum,
1458 1327 1559 1355 litteris
1582 1327 1805 1355 Beneventanis
1827 1336 1846 1355 a
1870 1328 1956 1356 variis

109 1381 231 1408 librariis
255 1380 403 1417 variisque
432 1380 625 1416 temporibus,
649 1380 769 1408 saeculo
793 1385 895 1408 tamen
919 1379 998 1407 XIII
1022 1384 1169 1413 exaratus,
1193 1378 1365 1415 exemplum
1389 1378 1514 1415 praebet
1536 1378 1698 1415 scripturae
1722 1378 1956 1406 Beneventanae

110 1432 288 1460 emorientis.
400 1439 436 1458 22
455 1431 488 1468 ><
507 1438 568 1459 210
591 1440 669 1465 mm,
701 1432 730 1458 ff.
756 1439 825 1467 341.
856 1447 898 1450 —
929 1430 1072 1458 Continet
1106 1430 1279 1458 Chronicon
1311 1429 1513 1457 vulturnense
1547 1438 1584 1457 ex
1617 1429 1675 1457 hoc
1705 1429 1810 1457 codice
1841 1429 1956 1457 editum

111 1492 174 1510 non
197 1483 262 1510 sine
285 1482 383 1510 multis
413 1482 531 1510 mendis
561 1491 579 1510 a
609 1482 791 1510 MCRATom
815 1482 863 1511 SS.
898 1491 951 1510 rer.
976 1481 1040 1509 Ital.
1064 1481 1079 1509 Ι
1103 1489 1118 1509 2
1144 1491 1194 1518 pp.
1218 1488 1396 1517 319—521‚
1420 1481 1590 1508 retractabit
1612 1485 1714 1508 autem
1737 1480 1773 1508 V.
1797 1480 1955 1508 Fannium

110 1534 140 1561 in
171 1533 291 1562 Istituto
322 1534 431 1561 storico
462 1533 598 1561 Italiano.
630 1533 726 1561 Fonti.
750 1550 791 1554 —
815 1533 908 1569 Quod
939 1533 1114 1561 exhibemus
1145 1532 1194 1562 fol.
1228 1540 1262 1559 21
1299 1533 1454 1560 decretum
1484 1532 1618 1559 continet
1648 1531 1866 1560 monachorum
1899 1541 1955 1569 pro

110 1585 265 1613 servandis
287 1585 426 1612 coenobii
449 1585 492 1612 sui
516 1585 704 1612 facultatibus
727 1585 868 1621 scriptum
891 1589 960 1621 post
982 1593 1030 1611 an.
1050 1582 1129 1611 1260
1153 1584 1196 1614 tin
1220 1583 1403 1611 MURATORI
1427 1583 1443 1610 l.
1459 1592 1482 1611 c.
1506 1591 1534 1619 p.
1553 1582 1634 1619 518).
1653 1599 1692 1602 -—
1709 1582 1754 1611 Cf.
1771 1582 1955 1611 MURATom

110 1636 126 1664 l.
158 1646 182 1664 c.
215 1645 265 1673 pp.
296 1643 479 1672 321—324;
522 1636 759 1669 D⁷AG1NCOURT,
791 1635 926 1663 Histoire
955 1635 994 1663 de
1024 1635 1106 1662 l'Art.
1139 1634 1219 1663 Paris
1250 1634 1281 1661 II
1312 1633 1429 1670 (1729,
1456 1627 1516 1670 >77:
1558 1633 1747 1661 BETHMANN
1777 1633 1808 1661 in
1842 1633 1955 1662 PERTz’

114 1687 223 1715 Archiv
246 1686 309 1714 XII
341 1686 456 1722 *.1872)›
487 1686 564 1722 386:
594 1687 761 1720 BERTAUX,
792 1686 873 1714 L'art
895 1687 970 1714 dans
994 1686 1099 1714 l’Italie
1121 1682 1224 1713 merid.
1270 1685 1361 1719 Paris,
1390 1692 1477 1721 1904,
1501 1694 1528 1722 p.
1554 1692 1629 1720 2oo;
1653 1684 1793 1718 Tot-sca,
1818 1684 1955 1722 Reliquie

112 1738 141 1765 d’
159 1743 222 1766 arte
252 1739 282 1765 in
315 1738 431 1765 Bullett.
464 1738 613 1766 dell’Istit.
644 1738 718 1766 Stor.
750 1738 884 1766 Italiano.
915 1737 1006 1765 XXV
1037 1738 1153 1774 (1904),
1189 1744 1305 1773 1—74;
1344 1736 1471 1770 Mussoz,
1502 1736 1545 1764 Le
1574 1736 1733 1764 miniature
1763 1736 1811 1764 del
1843 1736 1954 1765 Chron.

110 1789 312 1817 Vulturnense
335 1789 405 1817 ibid.
429 1789 521 1816 XXX
545 1790 661 1826 (1909,
687 1797 818 1825 75-90.
860 1789 940 1817 Alias
965 1789 1098 1817 eiusdem
1122 1789 1234 1817 codicis
1256 1788 1400 1825 imagines
1422 1788 1557 1816 invenies
1579 1788 1661 1824 apud
1685 1787 1869 1815 MURATORI
1891 1788 1908 1815 l.
1931 1797 1955 1816 c.

109 1841 168 1868 tab.
193 1840 316 1875 I—III;
348 1840 578 1868 D‘AGINCOURT
608 1840 624 1868 l.
649 1850 672 1868 c.
696 1840 732 1873 V,
763 1841 820 1868 tab.
853 1840 910 1879 69;
951 1840 1070 1868 MUon
1102 1840 1118 1867 l.
1141 1849 1165 1868 c.
1195 1845 1252 1868 tav.
1283 1839 1390 1874 I——II;
1421 1839 1528 1872 LOEW,
1559 1839 1709 1876 Scriptura
1739 1838 1956 1867 Beneventana

110 1892 169 1919 tab.
193 1891 241 1926 84.
265 1899 313 1928 95.
402 1896 427 1930 qs
445 1900 523 1921 Anno
547 1898 682 1922 millesimo
707 1899 877 1922 ducentesimo
902 1899 1066 1929 sexagesimo,
1096 1906 1183 1922 mense
1202 1898 1315 1925 ianuarii.
1335 1898 1376 1921 ΙΠ
1393 1897 1537 1921 indictione.
1573 1897 1624 1920 Pro
1643 1897 1743 1920 inlicitis
1755 1897 1957 1921 concessionibus

110 1941 266 1965 ecclesiarum
283 1941 287 1973 Ι
303 1947 328 1965 et
346 1941 465 1965 indebitis
483 1941 657 1965 collationibus
675 1941 864 1969 beneficiorum,
883 1949 929 1972 pro
946 1941 1032 1964 multis
1045 1941 1222 1964 donationibus
1236 1945 1261 1964 et
1272 1940 1465 1964 alienationibus
1485 1940 1680 1971 possessionum
1706 1947 1803 1963 necnon
1823 1939 1955 1963 feudorum

111 1989 135 2007 et
153 1984 346 2007 tenimentorum
366 1984 567 2007 excusationibus
586 1984 691 2007 diuersis
714 1984 796 2007 modis
821 1991 850 2007 ac
874 1984 1039 2015 temporibus,
1063 1985 1216 2015 quandoque
1231 1983 1235 2015 Ι
1251 1982 1429 2007 monachorum
1448 1990 1580 2010 consensu,
1605 1982 1752 2006 multotiens
1776 1987 1846 2006 extra
1869 1989 1955 2006 eorum

86 2032 97 2051 5
110 2034 238 2050 assensum
262 2027 294 2050 ab
324 2026 458 2050 abbatibus
482 2026 569 2050 dolose
593 2027 749 2058 perpetratis.
763 2026 772 2057 ΙΙ
786 2027 963 2050 monasterium
988 2027 1067 2050 sancti
1088 2027 1217 2050 Vincentii
1241 2026 1274 2050 de
1296 2026 1422 2049 Uulturno
1447 2034 1461 2049 a
1483 2030 1563 2049 status
1587 2025 1625 2048 sui
1643 2025 1764 2056 dignitate
1781 2024 1958 2048 miserabiliter

110 2077 226 2093 corruens
246 2077 302 2093 cum
319 2070 322 2099 Ι
338 2070 523 2101 possessionum
541 2069 702 2093 ammissione
715 2070 791 2093 etiam
805 2069 871 2092 bona
890 2069 1036 2101 temporalia
1054 2069 1169 2101 perdens,
1188 2070 1252 2093 iacet
1265 2077 1331 2093 nunc
1350 2069 1435 2092 multis
1455 2068 1532 2092 ruinis
1545 2073 1570 2092 et
1586 2068 1589 2098 Ι
1604 2068 1787 2092 calamitatibus
1800 2075 1956 2100 oppressum,

110 2117 135 2136 et
153 2112 221 2144 quod
239 2119 313 2143 super
330 2112 415 2135 omnia
429 2112 590 2139 monasteria,
609 2119 658 2143 que
670 2112 695 2135 in
707 2112 810 2136 circuitu
823 2112 876 2135 eius
888 2117 947 2135 sunt
959 2111 1018 2135 olim
1030 2113 1109 2143 gloria
1124 2113 1128 2144 Ι
1143 2113 1246 2144 uigebat
1258 2118 1283 2136 et
1295 2112 1434 2139 nobilitate.
1447 2112 1524 2135 modo
1537 2112 1628 2135 nostris
1641 2112 1797 2144 exigentibus
1809 2112 1956 2140 commissis,

109 2155 182 2178 bonis
200 2155 317 2178 omnibus
336 2154 387 2178 fere
405 2155 560 2181 destitutum,
577 2154 580 2185 Ι
596 2155 747 2178 innobilitati
773 2162 801 2178 ac
823 2155 973 2178 uerecundie
992 2160 1091 2179 tenetur
1108 2163 1151 2187 pre
1169 2156 1263 2179 cunctis
1281 2156 1427 2183 obnoxium,
1451 2160 1476 2179 et
1494 2155 1563 2178 cuius
1581 2155 1698 2186 preconia
1715 2163 1760 2186 per
1777 2159 1922 2179 cunctomm
1942 2154 1954 2188 ΙΙ

74 2206 98 2219 ιο
111 2205 153 2221 ora
177 2197 278 2221 solitum
303 2201 356 2220 erat
379 2197 493 2225 uolitare,
520 2205 586 2220 nunc
608 2204 647 2220 res
672 2197 697 2220 in
721 2197 872 2221 contrarium
896 2205 968 2221 uersa
991 2198 1107 2222 omnibus
1132 2198 1229 2221 ruinam
1249 2198 1302 2221 eius
1319 2197 1456 2221 scientibus
1475 2197 1582 2221 habetur
1597 2197 1601 2228 Ι
1616 2198 1641 2221 in
1660 2198 1744 2221 derisu
1767 2203 1793 2221 et
1810 2202 1957 2229 contemptu

111 2245 135 2263 et
154 2247 210 2271 pars
228 2248 312 2264 eorum
332 2240 424 2263 effecta
441 2244 478 2263 est
497 2244 549 2263 tota
568 2240 616 2263 die.
653 2239 730 2263 Cuius
749 2239 874 2271 siquidem
894 2240 1001 2271 lugende
1018 2240 1170 2271 calamijtati,
1189 2240 1247 2264 licet
1269 2247 1323 2264 sera
1344 2240 1499 2271 penitudine,
1517 2247 1563 2264 nos
1575 2240 1693 2264 monachi
1711 2240 1801 2272 prefan‘
1813 2240 1957 2263 monasterii

110 2283 203 2306 viribus
222 2283 280 2306 totis
299 2282 410 2313 obuilare
427 2281 550 2310 uolentes,
569 2282 687 2305 mandato
711 2290 740 2305 ac
763 2281 862 2306 licentia
885 2282 981 2306 domini
998 2282 1096 2306 Placidi
1113 2283 1264 2306 uenerabilis
1288 2283 1386 2307 abbatis
1411 2283 1472 2307 dicti
1489 2283 1634 2306 monasterii
1652 2283 1769 2314 vniluersi
1787 2291 1802 2306 a
1819 2283 1956 2306 iunioribus

73 2334 97 2352 ¹5
110 2332 190 2356 usque
207 2325 240 2348 ad
258 2325 368 2348 seniores
386 2332 455 2348 mera
473 2329 498 2348 et
515 2330 653 2355 spontanea
670 2324 800 2348 uoluntate
818 2325 954 2348 iurauimus
967 2325 977 2356 ΙΙ
990 2333 1064 2357 super
1087 2333 1155 2350 sacra
1180 2326 1221 2349 dei
1245 2325 1382 2357 euangelia,
1408 2326 1478 2357 quod
1502 2326 1620 2357 deinceps
1648 2333 1698 2349 non
1722 2325 1814 2349 erimus
1838 2325 1865 2349 in
1888 2325 1957 2349 facto

111 2375 192 2398 neque
211 2375 341 2395 consensu,
360 2367 428 2399 quod
446 2367 519 2390 alicui
532 2375 562 2390 ex
578 2367 694 2390 fratribus
713 2367 805 2391 nostris
823 2372 881 2390 ante
897 2367 900 2398 Ι
915 2368 1089 2399 profexionem
1108 2369 1253 2392 mnonicam
1271 2368 1354 2400 aliqua
1372 2368 1404 2392 de
1423 2368 1534 2392 ecclesiis
1551 2368 1612 2392 dicti
1630 2368 1774 2392 monasterii
1799 2367 1956 2400 aliquatenus

110 2410 260 2433 concedatur
277 2415 320 2433 aut
335 2410 339 2442 Ι
355 2410 443 2434 clerico
461 2410 571 2438 seculari,
590 2410 719 2442 presertim
739 2418 788 2441 que
806 2414 986 2434 consueuerant
1003 2411 1135 2441 gubernari
1153 2419 1196 2442 per
1214 2411 1302 2435 fratres
1314 2415 1414 2435 nostros
1427 2416 1452 2434 et
1464 2411 1602 2435 tenimenta
1614 2411 1692 2434 nostri
1700 2410 1734 2443 [P]
1748 2409 1906 2442 monasteri[i
1913 2409 1936 2442 ?]
1951 2409 1954 2442 Ι

110 2452 194 2484 aliquo
223 2454 300 2476 modo
327 2459 474 2477 excusentur
497 2458 541 2477 aut
564 2453 638 2476 alicui
661 2453 715 2476 sine
739 2453 839 2484 angaria
863 2453 1003 2477 tribuantur
1025 2454 1065 2478 uel
1092 2453 1222 2478 franchitia
1246 2454 1272 2477 in
1296 2454 1380 2485 aliquo
1405 2454 1459 2478 fiat.
1475 2454 1479 2485 Ι
1496 2454 1672 2477 Possessioues
1699 2453 1802 2485 quidem
1826 2453 1958 2484 prescripti

74 2505 98 2518 20
111 2496 255 2519 monasterii
273 2503 323 2519 non
341 2495 505 2519 alienabimus
524 2495 555 2519 de
580 2496 697 2519 demanio
723 2496 783 2519 dicti
807 2496 961 2524 monasterii,
980 2497 1082 2520 feudum
1101 2497 1134 2520 de
1146 2496 1155 2528 ΙΙ
1168 2504 1236 2520 nouo
1254 2504 1305 2520 non
1323 2497 1452 2526 faciemus,
1471 2496 1623 2520 decimarum
1647 2504 1691 2520 seu
1710 2496 1881 2520 tenatieorum
1903 2495 1958 2519 siue

111 2538 251 2561 debitorum
270 2538 381 2561 redditus
399 2538 493 2562 nemini
511 2538 543 2562 ad
561 2537 712 2570 hanendum
732 2538 898 2562 concedemus
916 2539 942 2562 in
960 2545 1082 2570 perpetuo
1100 2540 1132 2563 ad
1144 2547 1203 2563 suos
1215 2547 1284 2563 usus.
1308 2540 1458 2563 Tenimenta
1470 2547 1538 2567 uero,
1557 2546 1606 2570 que
1618 2538 1732 2570 quolibet
1743 2538 1820 2562 modo
1831 2538 1958 2562 uacabunt

111 2581 136 2604 in
155 2581 261 2611 angaria
280 2588 329 2604 non
349 2581 381 2604 ad
398 2588 509 2608 censum,
527 2586 601 2612 prout
619 2581 708 2604 melius
726 2581 874 2609 ualebimus,
896 2581 1042 2606 lombimus.
1079 2582 1156 2613 Quod
1172 2582 1260 2613 utique
1279 2583 1371 2605 factum
1390 2586 1418 2605 ut
1435 2586 1557 2613 perpetuo
1575 2580 1791 2613 iurelfragabiliter
1808 2589 1823 2604 a
1840 2580 1913 2604 nobis
1931 2584 1957 2604 et

110 2623 202 2646 nostris
220 2624 403 2647 successoribus
422 2628 590 2651 conseruerur,
608 2631 665 2647 cum
683 2624 760 2647 cereis
778 2624 888 2648 accensis
907 2629 932 2647 et
950 2624 976 2647 in
994 2632 1059 2656 aqua
1077 2625 1192 2649 extinctis
1211 2630 1236 2648 et
1254 2625 1367 2656 pullsatis
1384 2624 1512 2656 campanis
1530 2624 1634 2648 fecimus
1656 2622 1956 2655 excommunioeltiouem,

75 2675 98 2693 ²5
111 2665 350 2690 anathematizantes
369 2674 412 2690 eos
436 2672 461 2690 et
485 2667 511 2689 in
535 2672 657 2698 perpetuo
675 2665 869 2698 maledilloentes
887 2667 935 2690 nisi
954 2667 1111 2698 resipuerint,
1130 2668 1173 2699 qui
1190 2667 1239 2691 hoc
1256 2667 1354 2691 salubre
1372 2671 1493 2691 statutum
1518 2666 1632 2698 quolibet
1656 2666 1734 2690 modo
1757 2673 1876 2690 euacuare
1894 2669 1956 2689 tem—

112 2709 243 2739 ptauerint.
280 2709 317 2732 Fe
327 2709 405 2732 cimus
423 2709 490 2732 enim
502 2708 550 2732 hoc
568 2709 723 2740 prudentiori
735 2709 847 2737 consilio,
866 2714 988 2741 quatenus
1000 2709 1074 2734 huius
1087 2711 1145 2734 facti
1163 2710 1230 2733 fama
1248 2710 1280 2733 ad
1298 2710 1411 2733 omnium
1429 2717 1500 2733 aures
1524 2713 1649 2741 percurrat
1667 2713 1692 2733 et
1709 2708 1847 2741 de1[sinant
1863 2707 1956 2731 amodo

112 2752 177 2774 bona
191 2752 335 2775 monasterii
348 2752 380 2775 ad
392 2759 450 2775 suos
462 2759 523 2775 usus
536 2760 649 2783 querere,
667 2752 692 2776 in
707 2759 812 2783 quorum
826 2752 990 2783 prouentibus
1001 2752 1126 2779 monachi.
1139 2753 1182 2784 qui
1195 2753 1220 2776 in
1234 2752 1287 2783 lege
1302 2752 1397 2776 domini
1409 2752 1569 2780 meditantur,
1581 2759 1681 2783 semper
1692 2751 1801 2775 debeant
1814 2750 1955 2774 sustentari.
