2151 3261
69 448 90 466 ι5

69 1126 92 1145 35

69 1680 93 1700 25

74 2231 96 2252 35

876 276 912 278 —
960 259 1099 286 XXVIII
1147 275 1185 278 ἠ·

105 362 163 384 crgo
179 352 182 384 Ι
199 352 351 376 numerabile
369 352 490 383 contingit
509 352 633 375 numerari
652 356 675 375 et
691 352 792 375 transire
808 350 836 384 [si
851 356 958 383 ponatur
971 351 1038 382 quod
1052 358 1168 374 numerus
1181 350 1211 374 sit
1226 350 1360 382 infinitus],
1379 351 1465 381 utique
1478 351 1524 374 erit
1540 350 1544 383 Ι
1559 351 1677 382 possibile
1690 352 1825 375 infinitum.
1855 352 1953 377 Phisice

104 400 186 419 autem
212 394 308 425 magis⁸
332 394 538 418 considerandum
565 393 614 425 [vel
640 394 814 423 (consider)ant
839 394 876 417 vel
896 392 1137 424 (considerantilbus]
1154 391 1158 425 Ι
1174 400 1203 416 ex
1234 392 1281 416 hiis
1306 392 1453 424 [dicendis];
1478 401 1560 424 neque
1584 394 1649 416 enim
1668 395 1834 425 compositum
1855 394 1954 426 [corpus

104 437 231 469 sensibile]
243 438 361 469 possibile
374 442 411 460 est
425 445 479 460 esse
493 437 618 460 infinitum
630 445 710 468 neque
720 436 732 469 ΙΙ
741 437 855 468 simplex.
874 437 970 468 Corpus
983 436 1058 467 igitur
1068 444 1116 460 non
1128 437 1172 459 erit
1183 436 1349 467 compositum
1360 435 1495 463 infinitum,
1509 435 1530 458 si
1539 434 1542 467 Ι
1552 435 1623 459 finita
1633 440 1691 459 sunt
1701 436 1823 460 elementa
1833 438 1953 468 magnitu-

105 481 162 504 dine
181 480 231 511 [vel
251 480 455 509 mul(t)itudi(n)e,
474 480 499 502 id
518 484 555 503 est
574 487 678 503 numero
691 485 715 503 et
728 478 830 511 specie].
862 480 971 502 Necesse
984 483 1021 501 est
1035 479 1098 501 enim
1113 478 1182 510 plura
1195 477 1197 511 Ι
1210 486 1264 502 esse
1279 478 1316 510 [id
1329 482 1367 501 est
1379 485 1478 501 manere
1490 478 1516 501 in
1528 477 1679 509 composito]
1694 482 1718 501 et
1731 478 1845 510 equalia⁴
1857 487 1954 511 semper

104 523 226 546 contraria
251 530 304 545 esse
329 527 353 546 et
378 530 426 545 non
452 529 506 545 esse
531 530 607 545 unum
633 529 717 545 eorum
743 520 894 554 [infinitum]
914 521 923 552 ΙΙ
942 534 975 538 -
996 522 1097 544 Glossac
1115 523 1142 544 in
1162 523 1340 553 marginibus:
1361 522 1381 549 1)
1401 520 1590 544 Commentator
1608 522 1750 549 (Averroes,
1768 529 1791 544 v.
1810 521 1953 545 Aristotelis

105 565 188 596 Opera
213 565 297 588 omnia
322 572 376 588 cum
396 565 515 588 Averrois
539 565 731 588 commentariis.
768 564 890 592 Venetiis,
913 569 984 594 1550,
1004 563 1051 590 IV,
1069 563 1101 594 48
1110 566 1146 593 v):
1172 564 1263 587 ‘Omne
1288 570 1377 594 corpus
1399 568 1437 586 est
1461 563 1594 593 figuratum
1619 567 1643 586 et
1668 571 1743 587 omne
1761 563 1892 595 figuratum
1912 568 1954 588 aut

104 612 141 631 est
160 607 294 631 rotundum
313 611 355 631 aut
373 615 431 635 11011,
450 607 494 630 sed
510 625 515 630 .
529 625 534 630 .
549 625 554 630 .
566 620 599 624 —
614 608 635 637 2)
649 607 708 630 Alia
728 607 867 630 translatio:
887 613 1005 630 numerus
1025 607 1089 629 enim
1109 610 1134 629 et
1153 606 1213 629 illud
1232 606 1300 629 cuius
1314 610 1351 628 est
1364 613 1480 629 numerus
1493 610 1530 629 est
1542 610 1708 629 numeratum.
1720 619 1753 623 —
1766 606 1955 630 Commentator

105 651 128 680 (l.
148 658 167 674 c.
189 651 205 673 1.
221 649 294 680 48V):
314 653 346 674 ‘et
365 651 430 673 forte
448 650 495 673 ista
514 650 652 681 propositio
671 653 708 673 cst
726 650 758 673 de
776 657 865 680 genere
884 648 1082 680 propositionum
1102 653 1214 672 notarum
1235 656 1278 680 per
1297 656 1331 676 sc,
1350 648 1443 672 scilicet
1455 648 1523 679 quod
1536 648 1617 671 omnis
1630 656 1746 672 numerus
1760 652 1797 672 est
1810 654 1954 673 numeratus

104 698 128 717 et
148 701 222 716 omne
241 697 396 716 numeratum
417 693 441 715 in
462 693 581 724 potentia,
600 700 656 716 cum
676 692 750 716 fuerit
769 693 793 715 in
812 696 877 720 actu,
896 691 1016 723 possibile
1035 696 1072 714 est
1090 696 1118 714 ut
1136 691 1168 714 sit
1186 695 1341 714 numeratum
1364 691 1388 714 in
1401 695 1471 718 actu;
1491 691 1534 714 sed
1548 691 1594 714 ista
1607 691 1745 722 propositio
1758 696 1795 715 est
1807 692 1954 720 communis,

108 744 156 759 non
175 735 329 759 essentialis‘.
344 749 377 752 —
391 738 414 766 3)
429 736 494 766 Quia
514 736 621 759 rationes
640 735 745 758 dicende
763 738 895 758 sumuntur
912 743 926 758 a
944 734 1049 766 propriis
1069 733 1218 757 differentiis
1231 733 1340 764 corporis
1353 733 1449 764 phisici.
1463 747 1495 750 —
1510 734 1533 764 4)
1547 733 1581 756 Et
1594 741 1643 756 non
1657 738 1694 756 est
1706 733 1753 757 hoc
1766 733 1953 765 intelligendum

105 779 136 802 de
160 778 306 802 omnimoda
330 778 473 809 equalitate,
499 778 543 802 sed
568 778 599 801 de
626 778 675 806 illa,
697 786 746 809 que
766 778 789 801 in
809 778 966 808 corruptione
985 777 1150 800 intentionum
1171 777 1281 807 ipsorum
1301 777 1479 800 contrariorum
1497 776 1569 799 etsie
1591 783 1640 799 non
1659 776 1720 799 wult
1739 777 1807 807 quod
1825 777 1955 801 miscibih'a

105 822 155 845 sint
174 821 198 844 in
217 821 296 844 mixto
317 821 452 844 secundum
474 821 644 844 omnimodam
664 820 832 851 equalitatem.
847 819 856 851 ΙΙ
882 838 886 843 .
902 838 906 842 .
922 838 926 843 .
942 838 946 843 .
961 819 970 851 ΙΙ
982 820 1128 843 Enarratlo
1143 820 1166 843 S.
1183 820 1306 843 Thoume:
1319 819 1592 842 Rationabiliter
1615 824 1799 850 posuerunt
1825 820 1953 851 quidem

67 870 78 889 ,ἰ
106 865 135 894 ig
143 864 149 887 i
158 868 166 886 t
174 872 189 887 u
197 871 208 886 r
220 868 244 887 et
258 867 345 887 cetera.
371 864 509 894 Postquam
520 862 690 894 Philosophus
706 862 829 894 remolluit
841 863 986 893 opinionem
1000 862 1168 893 antiquorum,
1181 862 1223 892 qui
1236 861 1267 884 de
1277 861 1377 884 infinito
1387 869 1437 884 non
1448 861 1592 884 naturaliter
1601 862 1774 892 opinabantur,
1787 861 1828 885 hic
1837 862 1955 890 ostendit,

106 914 156 930 non
169 914 222 930 esse
237 907 371 934 infinitum,
384 907 447 929 sicut
460 905 603 937 philosophi
617 906 741 929 naturales
755 905 896 937 ponelbant.
923 906 957 928 Et
971 905 1050 936 primo
1063 904 1110 927 hoc
1123 904 1233 927 ostendit
1247 911 1292 935 per
1303 903 1410 927 rationes
1424 903 1523 934 logicas,
1535 904 1645 927 secundo
1658 912 1701 935 per
1714 905 1821 928 rationes
1832 905 1955 928 naturales

106 949 148 972 ibi.
179 948 313 972 Phisice
332 953 436 972 autem
455 949 558 979 magis
578 953 602 972 et
621 952 710 971 cetera.
741 948 864 971 Dicuntur
881 952 965 971 autem
985 947 1064 978 prime
1077 947 1184 970 rationes
1199 946 1284 977 logice,
1301 946 1304 977 Ι
1321 954 1371 969 non
1384 946 1441 977 quia
1455 954 1484 969 ex
1499 947 1609 970 terminis
1622 946 1707 977 logicis
1720 947 1798 978 logice
1812 948 1955 978 procedant,

105 992 148 1016 sed
174 993 233 1023 quia
257 992 334 1015 modo
358 992 438 1023 logico
462 992 608 1023 procedunt,
632 991 725 1014 scilicet
750 998 779 1014 ex
804 990 978 1014 communibus
1004 995 1028 1013 et
1052 989 1232 1020 probabilibus,
1257 989 1326 1020 quod
1353 993 1390 1012 est
1417 989 1543 1020 proprium
1570 989 1698 1020 sillogismi
1719 988 1844 1021 dilaletici.
1880 990 1957 1014 Ponit

105 1043 163 1066 ergo
181 1035 242 1058 duas
261 1035 351 1066 logicas
370 1035 485 1063 rationes,
505 1042 609 1066 quarum
629 1034 708 1065 prima
722 1033 870 1062 ostenditur,
889 1033 957 1064 quod
977 1040 1026 1056 non
1045 1033 1077 1055 sit
1096 1032 1196 1063 aliquod
1211 1039 1300 1063 corpus
1312 1032 1448 1055 infinitum.
1479 1023 1608 1055 Diffinitio
1622 1033 1687 1055 enim
1701 1033 1811 1063 corpon's
1823 1037 1869 1060 est.
1888 1033 1956 1064 quod

104 1078 137 1101 sit
158 1078 161 1109 Ι
184 1078 375 1102 determinatum
400 1077 502 1109 planitie
527 1077 550 1100 id
577 1082 614 1100 est
632 1077 771 1108 superficie,
794 1076 857 1099 sicut
875 1076 995 1099 diffinitio
1014 1075 1079 1098 linee
1098 1079 1143 1102 est,
1162 1075 1230 1105 quod
1249 1074 1301 1098 eius
1321 1074 1419 1097 termini
1437 1074 1488 1098 sint
1506 1079 1604 1105 puncta.
1641 1074 1746 1098 Nullum
1765 1079 1848 1098 autem
1867 1083 1956 1107 corpus

107 1121 298 1144 determinatum
319 1120 451 1151 superficie
464 1120 473 1151 ΙΙ
487 1126 524 1143 est
544 1120 683 1146 infiniturm
710 1127 768 1150 ergo
787 1118 881 1142 nullum
899 1126 988 1149 corpus
1009 1122 1047 1142 est
1064 1117 1200 1146 infinitum,
1226 1125 1307 1148 neque
1329 1117 1453 1145 sensibile,
1476 1117 1544 1148 quod
1563 1121 1601 1140 est
1618 1124 1708 1148 corpus
1726 1117 1850 1145 naturale;
1875 1125 1956 1149 neque

107 1163 271 1194 intelligibile,
298 1163 365 1194 quod
390 1167 427 1186 est
451 1170 540 1193 corpus
566 1162 780 1186 mathematicum.
817 1161 892 1192 Quod
911 1169 969 1192 ergo
985 1160 988 1191 Ι
1005 1161 1065 1184 dicit
1091 1159 1298 1187 ¹rationabilite12,
1323 1160 1499 1191 exponendum
1519 1163 1557 1183 est
1574 1159 1665 1190 logice;
1694 1167 1749 1183 nam
1770 1159 1848 1191 logica
1867 1160 1958 1184 dicitur

106 1206 232 1229 rationalis
264 1205 431 1237 philosophia.
480 1205 595 1229 Secunda
628 1205 690 1228 ratio
724 1205 849 1232 ostendit,
891 1204 960 1235 quod
992 1211 1043 1227 non
1076 1204 1108 1226 sit
1135 1203 1261 1226 infinitum
1295 1202 1462 1226 multitudine.
1511 1203 1594 1226 Omne
1628 1202 1783 1226 numerabile
1807 1201 1810 1234 Ι
1835 1203 1957 1234 contingit

107 1249 230 1272 numerari
255 1252 280 1272 et
304 1256 348 1279 per
371 1255 526 1279 consequens
554 1247 707 1271 numerando
734 1247 838 1271 transiri.
875 1247 965 1271 Omnis
983 1251 1067 1270 autem
1094 1253 1211 1269 numerus
1236 1251 1260 1269 et
1284 1253 1359 1269 omne
1384 1246 1453 1276 quod
1479 1245 1556 1268 habet
1574 1252 1713 1273 numerum,
1740 1250 1777 1269 est
1796 1245 1956 1269 numerabile.

106 1291 173 1321 Ergo
191 1298 266 1314 omne
284 1290 427 1314 huiusmodi
445 1290 565 1321 contingit
583 1289 586 1322 Ι
603 1290 709 1314 transiri.
745 1290 771 1313 Si
793 1290 866 1320 igitur
883 1289 973 1320 aliquis
992 1297 1117 1317 numerus,
1136 1289 1190 1312 siue
1208 1292 1336 1319 separatus
1354 1288 1406 1311 siue
1425 1288 1449 1311 in
1469 1287 1629 1311 sensibilibus
1648 1288 1765 1316 existens,
1784 1288 1817 1311 sit
1835 1288 1956 1317 infinitus,

107 1334 220 1365 sequitur
238 1334 307 1365 quod
325 1333 445 1364 possibile
463 1333 496 1356 sit
515 1333 617 1356 transire
636 1333 772 1361 infinitum,
791 1333 860 1364 quod
879 1336 916 1356 est
930 1333 938 1363 ΙΙ
952 1332 1117 1363 impossibile.
1148 1331 1341 1355 Attendendum
1360 1335 1452 1359 autem,
1472 1330 1541 1361 quod
1559 1331 1605 1353 iste
1619 1330 1725 1353 rationes
1740 1330 1881 1361 probabiles
1900 1335 1958 1354 sunt

106 1377 268 1407 procedentes
288 1384 317 1400 ex
339 1376 394 1405 hiis,
421 1383 469 1407 que
488 1376 654 1399 communiter
672 1376 794 1403 dicuntur,
818 1383 869 1399 non
893 1379 977 1398 autem
996 1382 1025 1398 ex
1047 1375 1194 1398 necessitate
1213 1374 1377 1401 concludunt;
1395 1372 1398 1404 Ι
1415 1374 1473 1404 quia
1491 1373 1534 1404 qui
1552 1378 1657 1404 poneret
1675 1373 1778 1404 aliquod
1795 1381 1884 1405 corpus
1902 1381 1957 1397 esse

106 1419 242 1447 infinitum,
268 1426 317 1442 non
341 1419 497 1446 concederet,
522 1419 591 1449 quod
625 1419 656 1442 de
681 1418 775 1441 ratione
799 1418 909 1449 corporis
935 1422 1007 1445 esset,
1032 1418 1158 1441 terminari
1177 1417 1317 1448 superficie,
1341 1416 1388 1440 nisi
1408 1417 1471 1440 forte
1489 1416 1625 1439 secundum
1644 1416 1791 1447 potentiam.
1816 1415 1954 1448 quamuisss

69 1467 78 1479 2
107 1461 155 1485 hoc
179 1462 211 1485 sit
229 1461 359 1493 probabile
378 1465 403 1484 et
421 1461 553 1484 famosum.
590 1461 710 1485 Similiter
733 1461 776 1492 qui
796 1461 896 1489 diceret,
922 1460 1030 1492 aliquam
1056 1460 1242 1484 multitudinem
1268 1467 1322 1483 esse
1340 1459 1474 1487 infinitam,
1500 1467 1550 1482 non
1569 1459 1661 1482 diceret
1680 1466 1733 1482 eam
1753 1466 1807 1482 esse
1825 1466 1956 1483 numerum

106 1504 146 1527 uel
165 1511 294 1528 numerum
314 1503 413 1527 habere.
430 1503 434 1535 Ι
450 1504 532 1527 Addit
546 1504 612 1527 enim
626 1511 743 1527 numerus
756 1511 830 1534 supra
842 1503 1029 1527 multitudinem
1044 1504 1164 1527 rationem
1177 1503 1368 1526 mensurationis
1377 1511 1382 1530 ;
1403 1506 1440 1525 est
1457 1502 1522 1525 enim
1537 1509 1654 1525 numerus
1666 1501 1803 1525 multitudo
1815 1505 1957 1525 mensurata

107 1554 151 1578 per
174 1554 260 1573 unum,
285 1550 312 1569 ut
339 1546 428 1570 dicitur
454 1547 479 1570 in
506 1547 549 1570 XO
573 1546 810 1577 Metaphisicorum;
826 1545 830 1577 Ι
848 1550 872 1569 et
896 1550 999 1577 propter
1020 1545 1068 1570 hoc
1092 1553 1209 1569 numerus
1233 1545 1336 1577 ponitur
1359 1545 1453 1576 species
1479 1544 1624 1575 quantitatis
1650 1544 1768 1572 discrete,
1798 1551 1848 1567 non
1873 1548 1956 1568 autem

106 1589 250 1618 multitudo,
269 1589 313 1612 sed
332 1593 370 1612 est
388 1589 419 1612 de
439 1589 678 1613 transcendentibus.
694 1603 725 1606 -—
740 1589 839 1612 Deinde
858 1596 913 1612 cum
933 1588 1007 1612 dicit:
1026 1588 1159 1612 Phisice
1176 1588 1179 1619 Ι
1196 1592 1303 1612 autem
1322 1588 1426 1618 magis
1447 1591 1471 1610 et
1489 1592 1579 1615 cetera,
1598 1587 1692 1611 inducit
1710 1587 1818 1611 rationes
1834 1587 1957 1610 naturales

108 1632 139 1655 ad
164 1632 356 1660 ostendendum,
381 1632 448 1663 quod
472 1640 522 1655 non
548 1632 580 1655 sit
601 1639 690 1663 corpus
712 1632 838 1655 infinitimi
858 1631 883 1654 in
902 1636 966 1655 actu.
998 1631 1068 1655 Circa
1087 1639 1148 1662 quas
1167 1630 1373 1654 considerandum
1393 1634 1438 1658 est,
1457 1630 1526 1661 quod
1543 1630 1546 1661 Ι
1562 1629 1713 1653 Aristoteles
1732 1637 1782 1653 non
1800 1630 1956 1661 probauerat,

108 1683 196 1706 corpus
215 1674 305 1698 celeste
324 1682 378 1698 esse
397 1675 498 1698 alterius
517 1675 624 1698 essentie
643 1683 657 1697 a
676 1678 794 1705 quattuor
812 1674 950 1702 elementis,
970 1674 1057 1706 opinio
1076 1678 1158 1697 autern
1178 1674 1317 1697 communis
1336 1681 1382 1696 suo
1401 1677 1513 1704 tempore
1532 1673 1619 1701 fuerat,
1639 1672 1707 1703 quod
1726 1677 1791 1696 esset
1804 1671 1813 1704 ΙΙ
1827 1672 1858 1696 de
1870 1676 1958 1696 natura

107 1722 226 1748 quattuor
253 1717 445 1741 elementorum:
475 1717 587 1749 procedit
613 1718 639 1740 in
666 1717 713 1740 hiis
742 1717 887 1745 rationibus,
914 1724 942 1740 ac
969 1717 989 1740 si
1016 1724 1066 1740 non
1094 1720 1160 1740 esset
1187 1716 1254 1739 aliud
1282 1723 1372 1747 corpus
1398 1715 1516 1739 sensibile
1543 1719 1611 1739 extra
1638 1719 1756 1746 quattuor
1782 1714 1904 1738 elementa
1932 1718 1957 1738 et

108 1759 135 1792 [l.
164 1759 313 1791 secundum]
341 1768 410 1783 suam
438 1758 666 1792 consueltudinem;
695 1760 753 1791 quia
778 1767 876 1791 semper
898 1764 1031 1791 antequam
1058 1759 1147 1790 probet
1171 1760 1205 1787 id,
1230 1759 1297 1790 quod
1323 1763 1360 1782 est
1384 1766 1428 1782 sue
1450 1759 1582 1789 opinionis,
1607 1758 1720 1789 procedit
1738 1765 1767 1781 ex
1786 1758 1959 1789 suppositione

107 1803 232 1834 opinionis
260 1803 363 1826 aliorum
392 1803 539 1826 communis.
584 1803 674 1831 Unde,
701 1807 835 1834 postquam
864 1803 979 1834 probauit
1002 1801 1005 1833 Ι
1027 1803 1052 1825 111
1080 1802 1143 1825 libro
1168 1802 1200 1825 de
1226 1802 1287 1826 Celo
1313 1806 1337 1825 et
1362 1801 1474 1829 Mundo,
1500 1800 1604 1833 [celum]
1630 1806 1668 1824 est
1692 1801 1792 1824 alterius
1816 1805 1903 1824 nature
1927 1801 1958 1824 ab

110 1845 249 1874 elementis,
267 1846 299 1869 ad
317 1846 429 1869 veritatis
447 1846 621 1869 certitudinem
641 1846 713 1869 iterat
732 1846 957 1869 considerationem
977 1846 1008 1868 de
1027 1845 1135 1872 infinito,
1159 1845 1294 1868 ostendens
1312 1844 1315 1875 Ι
1331 1844 1509 1871 universaliter,
1534 1844 1602 1875 quod
1621 1843 1715 1867 nullum
1734 1851 1823 1875 corpus
1841 1843 1958 1867 sensibile

108 1893 146 1912 est
167 1888 302 1912 infinitum.
338 1889 389 1912 Hic
408 1893 491 1912 autem
511 1889 591 1919 primo
610 1889 728 1917 ostendit,
754 1889 822 1919 quod
841 1896 891 1911 non
910 1888 942 1911 sit
960 1896 1048 1919 corpus
1067 1887 1184 1911 sensibile
1203 1888 1340 1915 infinitum,
1364 1887 1495 1918 supposito
1514 1887 1582 1918 quod
1600 1887 1649 1910 sint
1668 1886 1791 1910 elementa
1810 1885 1933 1918 [in]finita
1953 1885 1956 1918 Ι

109 1930 281 1958 multitudine;
301 1931 410 1955 secundo
429 1931 540 1955 ostendit
558 1931 624 1954 idem
643 1931 814 1954 universaliter
833 1931 874 1954 ibi.
894 1945 925 1948 —
946 1931 1089 1962 Oportet
1115 1934 1219 1953 autem
1246 1935 1275 1953 et
1300 1930 1337 1953 de
1356 1930 1441 1953 omni
1459 1934 1484 1953 et
1502 1934 1591 1953 cetera.
1619 1929 1688 1953 Dicit
1706 1936 1764 1960 ergo
1782 1929 1871 1960 primo,
1890 1928 1958 1960 quod

110 1974 270 2005 procedendo
297 1974 449 2002 naturaliter,
478 1974 503 1997 id
531 1978 568 1997 est
595 1982 624 1997 ex
648 1974 774 2005 principiis
800 1974 902 1998 scientie
927 1973 1054 2001 naturalis,
1068 1973 1077 2003 ΙΙ
1091 1973 1169 2004 inagis
1200 1978 1225 1996 et
1248 1973 1338 1996 certius
1361 1972 1511 1996 considerari
1535 1972 1634 2003 poterit,
1658 1972 1726 2003 quod
1751 1979 1800 1995 non
1819 1971 1852 1995 sit
1869 1979 1959 2003 corpus

108 2016 226 2039 sensibile
254 2016 379 2040 infinitum
407 2024 437 2039 ex
461 2016 508 2039 hiis
533 2024 582 2047 que
607 2017 727 2040 dicentur.
767 2016 850 2040 Omne
880 2017 946 2039 enim
971 2023 1060 2047 corpus
1086 2015 1203 2039 sensibile
1227 2020 1269 2038 aut
1286 2015 1289 2046 Ι
1306 2019 1343 2038 est
1368 2015 1482 2046 simplex,
1510 2019 1553 2038 aut
1577 2015 1752 2046 compositum.
1788 2014 1875 2037 Primo
1900 2021 1958 2045 ergo

109 2059 232 2087 ostendit,
267 2059 335 2090 quod
369 2067 419 2082 non
452 2059 483 2082 sit
516 2067 604 2090 corpus
637 2059 803 2090 compositum
831 2059 972 2087 infinitum,
1003 2059 1133 2090 supposito
1169 2058 1237 2089 quod
1269 2059 1318 2081 sint
1345 2058 1468 2081 elementa
1496 2058 1566 2081 finita
1593 2057 1728 2081 secundum
1757 2057 1956 2084 multitudinem

109 2109 159 2124 non
178 2102 244 2125 enim
261 2101 264 2133 Ι
280 2106 364 2133 potest
382 2109 436 2125 esse
455 2101 524 2132 quod
542 2109 618 2125 unum
638 2102 747 2133 ipsorum
767 2102 799 2125 sit
817 2102 944 2125 infinitum
964 2106 989 2124 et
1007 2101 1054 2124 alia
1068 2101 1148 2129 finita,
1167 2101 1224 2132 quia
1237 2101 1269 2124 ad
1281 2100 1489 2132 compositionem
1505 2100 1607 2123 alicuius
1620 2100 1730 2131 corporis
1743 2100 1815 2122 mixti
1828 2099 1960 2130 requiritur

109 2144 177 2175 quod
200 2144 250 2168 sint
274 2144 344 2175 plura
369 2144 500 2172 elementa,
517 2144 519 2175 Ι
536 2148 561 2168 et
585 2144 653 2175 quod
679 2145 799 2168 contraria
824 2144 887 2168 alico
911 2144 988 2167 modo
1013 2144 1176 2175 adequentur,
1202 2144 1262 2167 alias
1287 2143 1438 2174 compositio
1462 2150 1605 2174 permanere
1628 2150 1676 2166 non
1696 2146 1781 2173 posset
1789 2151 1794 2170 ;
1820 2142 1878 2173 quia
1897 2141 1958 2165 illud

110 2187 179 2218 quod
204 2190 269 2210 esset
293 2187 396 2210 omnino
424 2187 558 2218 potentius,
587 2187 726 2211 destrueret
750 2187 806 2216 alia,
833 2195 889 2211 cuin
907 2186 910 2219 Ι
927 2187 1050 2210 elementa
1070 2187 1118 2209 sint
1137 2187 1273 2213 contraria;
1302 2186 1322 2209 si
1341 2190 1423 2209 autem
1442 2193 1519 2209 unum
1539 2185 1719 2208 elementorum
1739 2189 1804 2208 esset
1823 2184 1958 2213 infinitum,

110 2229 177 2253 nulla
201 2229 320 2261 equalitas
347 2234 420 2258 esset,
445 2229 499 2253 31115
525 2230 602 2253 finitis
629 2230 807 2257 existentibus;
835 2230 892 2261 quia
918 2230 1045 2254 infinitum
1059 2229 1068 2261 ΙΙ
1082 2229 1353 2261 inproportionabiliter
1377 2228 1475 2252 excedit
1500 2228 1607 2251 finitum.
1644 2228 1705 2251 Non
1730 2235 1789 2258 ergo
1809 2227 1857 2250 hoc
1876 2230 1959 2258 potest

110 2280 172 2301 esse,
191 2273 260 2304 quod
277 2272 353 2296 unum
375 2276 470 2296 tantum
489 2280 584 2301 eorum,
603 2280 650 2303 que
670 2273 772 2296 veniunt
791 2273 815 2296 in
834 2273 990 2301 mixtionem,
1008 2274 1040 2297 sit
1058 2273 1193 2296 infinitum.
1211 2272 1214 2305 Ι
1231 2273 1330 2302 (Posset
1348 2276 1431 2295 autem
1450 2271 1548 2302 aliquis)

264 2364 322 2396 41.
357 2359 453 2387 Vatic.
488 2367 578 2394 2412,
610 2360 785 2397 ‘completus
816 2369 863 2388 an.
893 2360 980 2397 1258,
1012 2360 1059 2388 III
1089 2369 1160 2388 non.
1192 2360 1269 2387 maii'
1302 2359 1339 2395 (ν.
1371 2359 1388 2386 1.
1413 2357 1487 2395 488)
1519 2358 1663 2394 scriptura
1694 2357 1832 2391 Gofflica,
1863 2365 1959 2394 eaque

112 2410 235 2444 Gallica,
259 2411 318 2438 iam
341 2410 400 2438 iam
424 2411 560 2439 nonnihil
584 2411 623 2438 ad
647 2411 773 2439 litteram
798 2411 995 2439 Parisiensem
1020 2412 1057 2449 (v.
1074 2411 1164 2448 paulo
1189 2415 1257 2448 post
1280 2411 1339 2438 tab.
1356 2409 1410 2447 42)
1434 2414 1584 2446 vergente,
1675 2416 1736 2444 340
1752 2411 1785 2444 ><
1804 2416 1818 2435 2
1825 2415 1865 2444 30
1880 2417 1959 2441 mm.,

112 2462 141 2489 ff.
166 2462 236 2497 488.
264 2478 296 2482 -—
329 2462 472 2490 Continet
502 2462 678 2490 Avicennae
707 2471 865 2498 canonem,
897 2463 946 2499 qui
978 2472 995 2490 a
1030 2463 1168 2490 Gerardo
1199 2461 1397 2490 Cremonensi
1428 2461 1518 2489 latine
1550 2469 1651 2488 versus
1683 2465 1711 2488 et
1741 2459 1850 2497 pluries
1880 2459 1958 2496 typis

113 2513 218 2546 editus,
241 2522 258 2540 a
281 2513 402 2541 saeculo
426 2513 506 2541 XIII
530 2514 568 2541 ad
593 2513 684 2541 XVII
709 2514 738 2542 in
762 2515 912 2552 plerisque
935 2515 1104 2542 medicinae
1127 2514 1236 2542 scholis
1267 2513 1394 2550 ‘publice
1418 2513 1586 2550 legebatur’.
1633 2512 1739 2540 Habes
1761 2511 1792 2539 in
1815 2511 1864 2539 fol.
1889 2510 1959 2547 356,

111 2564 195 2601 quod
219 2565 344 2601 praebet
368 2565 415 2592 lib.
440 2565 491 2598 IV,
515 2565 580 2593 dist.
605 2573 632 2601 3,
657 2574 721 2602 cap.
747 2573 786 2593 20
811 2565 869 2603 (ed.
886 2565 1005 2593 Veneta
1029 2566 1100 2593 anni
1129 2573 1216 2601 1555,
1240 2565 1288 2593 lib.
1306 2564 1358 2598 IV,
1382 2565 1440 2591 fen.
1467 2572 1490 2597 1,
1514 2564 1579 2591 dist.
1601 2571 1623 2597 1,
1648 2572 1712 2599 cap.
1730 2561 1778 2599 36,
1801 2563 1820 2590 f.
1837 2569 1897 2598 415
1915 2560 1959 2599 5.),

113 2624 173 2643 non
198 2624 294 2652 pauca
318 2625 354 2644 ex
378 2616 565 2653 compendiis
588 2616 756 2645 medicinae
780 2617 913 2653 propriis.
994 2622 1018 2656 ἻῙ
1037 2624 1071 2647 Et
1090 2624 1110 2647 si
1128 2623 1265 2647 absciditur
1282 2623 1313 2646 de
1332 2622 1445 2654 appetitu
1464 2621 1566 2653 aliquid,
1584 2629 1659 2645 moue
1671 2622 1753 2653 ipsum
1767 2628 1822 2644 cum
1836 2620 1879 2649 eis,
1898 2618 1958 2651 que]

111 2665 214 2694 sciuisti,
240 2670 265 2689 et
289 2667 387 2697 proprie
412 2674 467 2690 cum
493 2666 536 2695 eis,
561 2674 609 2697 que
634 2667 699 2690 fiunt
725 2667 756 2690 de
780 2667 886 2690 citoniis.
924 2668 957 2691 Et
982 2675 1037 2691 cum
1063 2670 1181 2690 euacuata
1202 2670 1247 2694 est,
1264 2665 1267 2693 Ι
1284 2673 1333 2689 non
1352 2669 1389 2688 est
1408 2664 1510 2692 malum,
1528 2668 1556 2688 ut
1573 2664 1740 2688 amministres
1759 2663 1782 2687 ei
1801 2662 1959 2687 electuarium

113 2708 176 2731 forte
194 2709 226 2731 de
246 2708 301 2736 illis,
326 2716 374 2739 que
391 2707 394 2740 Ι
411 2709 525 2739 digerunt
543 2713 568 2732 et
585 2709 727 2733 confortant
751 2709 907 2733 stomachum
927 2714 951 2733 et
970 2710 1084 2741 aperiunt
1103 2709 1264 2740 opilationes;
1285 2712 1309 2731 et
1325 2708 1386 2731 illud
1401 2711 1458 2738 post
1474 2707 1478 2737 Ι
1493 2707 1644 2730 ablationem
1659 2706 1734 2730 febris
1747 2710 1771 2729 et
1785 2705 1959 2729 accidentium.

87 2760 97 2777 ,ς
113 2751 146 2774 Et
173 2751 219 2774 iter
237 2752 338 2782 quidem
358 2752 389 2774 ad
410 2752 581 2775 flebotomiain
602 2756 647 2779 est,
665 2751 777 2783 1111111οη
797 2753 841 2776 fiat
860 2753 885 2775 in
904 2761 940 2781 ea,
960 2753 1039 2776 donec
1057 2751 1174 2777 declinet:
1199 2756 1257 2774 tuuc
1275 2751 1340 2773 enim
1362 2750 1413 2773 fiat.
1451 2750 1485 2773 Et
1503 2749 1565 2773 illud
1583 2757 1633 2780 quo
1652 2749 1719 2780 prius
1735 2747 1739 2781 Ι
1755 2748 1828 2771 datur
1846 2748 1870 2771 in
1889 2751 1958 2779 potu,

113 2797 149 2816 cst
172 2801 236 2824 aqua
263 2794 340 2822 ordei,
365 2798 389 2816 et
413 2794 483 2817 cibus
510 2794 542 2817 sit
566 2795 629 2817 sicut
655 2794 702 2823 ille,
727 2795 769 2826 qui
790 2795 820 2818 fit
838 2803 867 2818 ex
884 2795 887 2827 Ι
903 2799 999 2826 agresta
1024 2802 1078 2818 cum
1098 2794 1224 2818 cucurbita
1245 2798 1270 2817 et
1288 2793 1416 2824 amigdalis
1436 2793 1521 2824 paucis
1541 2796 1565 2816 et
1584 2791 1731 2823 infrigdetur
1746 2794 1750 2822 Ι
1766 2791 1844 2814 lectus
1862 2790 1915 2813 eius
1933 2794 1957 2813 et
