2151 3251
877 960 1164 995 PRAEFATIO

258 1065 333 1096 Non
364 1071 412 1095 est
442 1065 531 1104 quod
562 1074 600 1094 ea
626 1070 814 1103 repetamus
844 1073 930 1103 quae
961 1063 996 1093 P.
1025 1063 1203 1093 FRANCHI
1233 1063 1289 1092 DE'
1314 1062 1528 1093 CAVALIERI
1559 1069 1591 1092 et:
1614 1063 1691 1093 Ion.
1715 1062 1938 1092 LIETZMANN

106 1115 305 1156 ‘Specimina
336 1117 430 1146 codd.
453 1116 541 1146 Vatt.
565 1116 770 1155 graecorum'
794 1115 1004 1146 academicae
1027 1114 1188 1144 iuventuti
1210 1114 1496 1144 subministrantes
1519 1114 1561 1143 de
1576 1113 1715 1143 excultis
1730 1118 1841 1143 nostro
1858 1118 1939 1143 tem-

104 1177 185 1207 pore
207 1168 253 1198 rei
276 1167 574 1207 palaeographicae
595 1167 820 1206 librorumque
842 1176 943 1196 manu
966 1165 1161 1204 scriptorum
1185 1165 1302 1195 studiis
1324 1164 1492 1203 praeclare
1515 1164 1679 1194 dixerunt.
1723 1164 1808 1194 Illud
1831 1164 1940 1203 potius

105 1228 125 1248 a
155 1218 251 1248 nobis
280 1218 514 1257 explicandum
538 1222 594 1252 est,
626 1228 692 1257 qua
714 1218 756 1247 de
780 1227 880 1248 causa
902 1218 936 1247 in
959 1221 1050 1246 tanta
1072 1217 1294 1246 subsidiorum
1319 1221 1351 1245 et
1373 1216 1561 1245 tabularum
1584 1216 1627 1244 ad
1650 1216 1781 1245 codices
1804 1215 1940 1245 Latinos

104 1269 300 1299 scrutandos
322 1269 416 1308 copia
439 1274 472 1298 et
494 1269 702 1308 praestantia,
727 1269 768 1298 de
791 1278 879 1298 novo
903 1277 1002 1307 opere
1018 1268 1284 1306 cogitaverimus.
1327 1267 1398 1297 Nos
1417 1267 1528 1306 itaque
1549 1266 1613 1296 hoc
1634 1276 1738 1296 unum
1762 1267 1874 1301 movit,
1904 1272 1939 1296 ut

105 1320 260 1359 exempla
282 1319 562 1359 palaeographica
578 1329 678 1358 quam
694 1319 837 1358 plurima
853 1324 884 1348 et
900 1318 1071 1358 aptissima
1087 1327 1126 1347 eo
1141 1318 1393 1356 provideremus
1408 1318 1513 1356 pretio
1530 1327 1596 1356 quo
1613 1317 1655 1347 ab
1672 1317 1940 1347 adulescentibus

102 1371 266 1400 universis
287 1370 473 1400 tirocinium
496 1370 529 1399 in
552 1369 643 1400 hisce
665 1370 782 1399 studiis
804 1375 935 1400 strenue
957 1369 1158 1408 ponentibus
1180 1369 1252 1398 sine
1271 1378 1396 1408 magno
1412 1369 1624 1398 incommodo
1641 1368 1780 1398 obtineri
1796 1372 1939 1407 possent.

255 1420 488 1460 Inscripsimus
510 1420 630 1450 librum
654 1417 857 1459 ‘specimina
879 1421 1033 1450 codicum
1057 1416 1252 1454 latinorum’,
1276 1424 1312 1449 ut
1334 1429 1418 1449 voce
1442 1416 1616 1449 ‘codicum'
1639 1417 1813 1448 manifeste
1835 1419 1938 1458 signi-

103 1471 288 1508 ficaremus,
318 1471 451 1502 excludi
482 1481 501 1501 a
531 1476 643 1501 nostra
672 1472 870 1501 tractatione
901 1476 971 1501 tum
1002 1471 1198 1510 scripturam
1222 1470 1481 1510 epigraphicam‚
1504 1479 1590 1510 quae
1613 1470 1646 1499 in
1670 1469 1940 1508 inscriptionibus

104 1523 214 1562 lapidi,
244 1523 322 1558 aeri,
350 1523 444 1562 ligno
474 1523 646 1562 insculptis
678 1523 834 1557 consistit,
865 1528 935 1552 tum
958 1522 1047 1552 illam
1071 1523 1244 1556 cursivam,
1277 1531 1363 1561 quae
1386 1522 1417 1551 in
1443 1521 1692 1551 conscribendis
1713 1521 1848 1560 papyris
1869 1520 1940 1550 sive

106 1574 228 1604 chartis
249 1574 437 1613 tabulisque
459 1574 723 1603 membranaceis
745 1573 893 1603 adhibita
917 1578 974 1603 est.
1018 1572 1097 1603 Alia
1116 1573 1204 1603 enirn
1228 1578 1414 1603 nostrarum
1431 1572 1617 1602 tabularum
1635 1572 1804 1601 volumina
1820 1572 1938 1601 utrius-

105 1634 170 1664 que
191 1625 374 1664 scripturae
396 1629 617 1664 opportunam
641 1625 859 1663 speciminum
884 1625 1015 1664 copiam
1038 1624 1305 1664 suppeditabunt.

255 1675 294 1705 In
325 1676 512 1715 deligendis
542 1676 704 1715 exemplis
727 1685 744 1705 e
767 1676 852 1705 mira
874 1676 1025 1705 codicum
1048 1676 1207 1705 varietate
1230 1675 1272 1705 ad
1294 1675 1377 1705 haec
1399 1675 1606 1714 potissimum
1629 1674 1777 1704 animum
1801 1674 1940 1703 attendi-

102 1735 190 1756 mus:
214 1726 365 1766 primum‚
388 1731 423 1756 ut
447 1726 628 1756 litterarum
651 1725 778 1766 figuras
801 1732 834 1756 et
856 1725 981 1756 formas
1003 1726 1124 1766 quibus
1147 1726 1286 1756 diversis
1301 1726 1333 1755 in
1350 1726 1432 1756 locis
1447 1726 1653 1765 diversisque
1668 1725 1874 1764 temporibus
1889 1725 1938 1754 usi

101 1782 178 1807 sunt
207 1777 330 1807 librarii
353 1787 414 1816 pro
437 1777 563 1807 viribus
586 1778 819 1817 colligeremus
841 1787 907 1817 quo
930 1776 1058 1807 facilius
1079 1777 1284 1816 singularum
1309 1777 1403 1816 origo
1426 1782 1527 1816 atque
1549 1777 1686 1806 aliarum
1704 1777 1746 1806 ab
1762 1776 1834 1806 aliis
1849 1780 1939 1805 ortus

102 1832 135 1857 et
156 1837 351 1868 progressus
373 1828 571 1858 intuentium
595 1828 698 1858 oculis
720 1829 938 1863 subiceretur;
968 1829 1097 1863 deinde,
1120 1833 1154 1858 ut
1166 1829 1362 1867 scripturam
1386 1828 1620 1858 exhiberemus
1642 1827 1850 1866 singularum
1874 1827 1937 1856 dis-

103 1879 297 1918 ciplinarum
328 1889 347 1909 a
376 1879 508 1909 saeculo
531 1879 619 1909 XIII
642 1880 683 1909 ad
707 1879 795 1910 XVI
818 1880 986 1918 propriam
1011 1885 1042 1909 et
1065 1880 1272 1919 compendia.
1317 1878 1383 1918 Qui
1406 1879 1493 1909 enim
1518 1879 1649 1909 codices
1673 1878 1757 1908 illius
1780 1878 1939 1916 temporis

102 1935 172 1959 tum
198 1929 371 1960 historicos
400 1936 468 1960 tum
500 1931 542 1960 ad
571 1931 696 1960 litteras
718 1936 907 1970 spectantes
928 1935 1082 1969 prompte
1106 1930 1327 1970 expediteque
1350 1931 1438 1969 legit,
1470 1930 1556 1960 idem
1580 1929 1777 1969 plerumque
1799 1929 1936 1959 aliarum

101 1980 347 2019 disciplinarum
379 1982 468 2018 (iuris
497 1982 604 2011 civilis
633 1987 665 2011 et
695 1982 853 2015 canonici,
884 1982 1077 2015 medicinae,
1106 1981 1344 2020 philosophiae,
1368 1980 1566 2020 theologiae>
1589 1980 1691 2010 libros
1714 1980 1880 2011 evolvens.
1904 1980 1936 2009 in

103 2032 306 2070 compendiis
331 2031 452 2062 haeret.
497 2031 606 2071 Quam
629 2033 673 2062 ob
695 2042 766 2062 rem
789 2033 950 2072 quasdam
974 2034 1080 2062 visum
1105 2038 1153 2063 est
1177 2042 1357 2071 excerpere
1380 2032 1529 2071 paginas,
1559 2032 1680 2071 quibus
1702 2032 1734 2060 in
1758 2031 1820 2061 hac
1843 2037 1937 2070 parte

102 2082 211 2122 aliqua
232 2083 349 2112 saltem
374 2084 523 2113 exercitii
546 2084 702 2113 materies
724 2088 757 2114 et
779 2084 910 2114 occasio
932 2085 1156 2123 praeberetur.

254 2132 378 2164 Sedulo
401 2135 544 2174 denique
568 2135 756 2165 curavimus
778 2141 814 2165 ut
837 2136 969 2165 codices
991 2134 1119 2174 profani
1144 2135 1374 2165 ecclesiasticis
1388 2135 1618 2174 praevalerent
1633 2139 1735 2173 utque
1751 2143 1769 2163 e
1784 2133 1936 2162 codicum

101 2183 339 2215 Vaticanorum
367 2185 577 2215 multitudine
607 2191 639 2216 et
669 2195 712 2215 ex
742 2186 813 2216 aliis
842 2196 908 2215 non
940 2186 1035 2215 nullis
1058 2186 1230 2221 Romanis,
1260 2185 1537 2221 Vercellensibus,
1560 2185 1851 2224 Eporediensibus
1880 2185 1936 2224 qui

102 2235 197 2265 nobis
226 2234 311 2265 forte
339 2235 472 2266 fortuna
501 2246 581 2276 prae
610 2246 711 2266 manu
734 2241 835 2272 erant,
866 2246 923 2266 eos
945 2237 1032 2266 solos
1055 2237 1262 2276 eligeremus,
1293 2237 1334 2266 de
1357 2246 1496 2276 quorum
1521 2241 1628 2266 aetate
1650 2246 1689 2266 ac
1711 2236 1819 2275 patria
1840 2235 1938 2265 certis

101 2290 266 2316 constaret
288 2287 501 2326 argumentis.

253 2337 419 2376 Exempla
441 2338 669 2377 antiquissima
691 2344 791 2378 atque
812 2339 997 2368 recentiora
1020 2339 1257 2369 FRANCISCUS
1273 2339 1408 2369 EHRLE
1431 2339 1649 2369 describenda
1672 2338 1936 2378 explicandaque

100 2388 258 2427 suscepit;
292 2388 422 2419 PAULO
455 2389 649 2419 LIEBAERT
682 2390 816 2419 tabulae
849 2390 953 2429 spinis
986 2390 1096 2429 magis
1128 2390 1255 2420 obsitae
1288 2391 1497 2430 obtigerunt,
1531 2399 1590 2419 eae
1623 2390 1746 2420 scilicet
1776 2399 1862 2429 quae
1891 2399 1935 2419 ex

101 2438 271 2469 codicibus
293 2439 488 2479 desumptae
517 2446 595 2470 sunt
623 2441 748 2475 litteris,
777 2450 860 2480 quas
888 2441 1120 2471 semicursivas
1142 2446 1175 2471 et
1198 2441 1380 2471 nationales
1403 2446 1524 2471 vocant
1547 2442 1707 2471 exaratis:
1733 2441 1833 2471 ambo
1856 2450 1935 2471 vero

101 2490 271 2518 communi
293 2490 430 2520 consilio
452 2491 600 2530 singulas
622 2492 730 2530 operis
752 2497 864 2530 partes
887 2491 1122 2522 constituimus.

253 2539 292 2569 In
326 2541 551 2571 describendis
588 2542 823 2581 speciminibus
856 2542 942 2572 hanc
973 2542 1069 2572 nobis
1099 2543 1185 2572 viam
1218 2552 1256 2573 ac
1287 2544 1448 2573 rationem
1478 2543 1703 2582 praefiximus,
1734 2549 1769 2573 ut
1791 2544 1933 2583 primum

101 2590 224 2620 codicis
253 2590 429 2627 historiam,
459 2592 639 2631 scripturae
669 2591 974 2628 conformationem,
1004 2598 1146 2623 aetatem
1178 2604 1421 2629 enarraremus;
1452 2595 1572 2624 deinde
1601 2593 1752 2629 formam,
1781 2594 1934 2624 foliorum

101 2650 283 2676 numerum,
313 2651 398 2680 opus
426 2643 516 2681 quod
546 2643 655 2672 codex
683 2643 814 2682 integer
845 2644 980 2683 eiusque
1008 2650 1146 2684 partem,
1176 2654 1276 2684 quam
1308 2645 1397 2684 quod
1420 2644 1619 2675 exhibemus
1640 2644 1755 2676 folium
1780 2646 1934 2682 continet,

100 2691 320 2722 indicaremus
328 2703 335 2727 ;
367 2693 511 2732 denique
540 2693 819 2733 subiungeremus
840 2695 1025 2733 scriptores,
1055 2696 1110 2734 qui
1134 2696 1176 2725 de
1199 2696 1313 2726 codice
1336 2697 1520 2726 accuratius
1543 2697 1758 2736 disputarunt,
1789 2702 1821 2727 et
1843 2697 1935 2727 locos

100 2743 209 2782 magis
238 2743 362 2779 obvios,
394 2744 427 2773 in
458 2745 578 2784 quibus
608 2745 671 2774 alia
700 2750 831 2784 praesto
861 2751 937 2775 sunt
965 2746 1110 2776 eiusdem
1135 2747 1209 2776 libri
1233 2747 1421 2786 specimina.
1466 2747 1517 2777 Ne
1539 2747 1668 2777 tabulas
1691 2757 1807 2777 omnes
1828 2747 1935 2786 planis
