2151 3261
883 288 922 291 -
967 270 1093 298 XXXII
1138 287 1178 290 —

80 372 88 389 3
104 366 186 388 littere
205 365 375 396 impetrantur,
396 365 578 396 possessionem
593 372 667 396 super
685 372 733 395 qua
754 364 887 395 impetrans
907 371 962 386 cum
985 362 1135 393 conuellnire
1153 362 1260 389 uolebat,
1280 363 1304 385 in
1323 362 1408 385 allium
1428 363 1590 391 transiierunt,
1609 363 1650 386 ille
1667 371 1717 387 non
1735 364 1889 391 conuenitur.
1908 365 1953 388 nisi

67 546 87 557 io

66 677 87 695 ¹5

64 804 88 817 20

63 1186 87 1206 35

62 1315 86 1333 4⁰

62 1485 85 1503 45

107 408 200 431 malitia
217 408 220 438 Ι
236 409 290 431 eius
308 408 476 431 interuenerit.
508 408 648 438 Episcopus
667 415 725 437 ergo
744 414 787 438 per
805 407 899 430 litteras
917 405 1026 437 capitulo
1044 405 1150 428 directas
1169 412 1217 428 non
1237 405 1406 430 conuenietur.
1425 413 1480 428 cum
1497 404 1501 436 Ι
1517 405 1542 428 in
1557 405 1651 428 malitia
1664 413 1713 429 non
1727 406 1807 430 fuerit.
1838 406 1954 430 Preterea

105 452 222 482 rescripta
241 458 291 474 non
310 450 477 474 extenduntur
495 450 526 473 ad
545 450 636 474 inultos
653 450 656 481 Ι
672 457 717 473 nec
736 449 767 472 ad
786 449 856 477 alios,
876 449 938 471 infra
956 448 1044 471 eodem
1065 448 1139 471 Cum
1159 447 1190 470 in
1209 447 1336 475 multis,
1355 447 1387 470 de
1405 447 1493 470 officio
1511 447 1625 478 delegati.
1662 448 1752 472 Petrus
1770 453 1795 472 et
1807 449 1952 473 Goffredus-

104 493 259 524 Respondeo
283 493 419 516 secundum
440 493 622 519 Innocentium,
638 492 642 523 Ι
659 491 888 523 Conipostellanum
917 496 941 515 et
960 491 1087 514 Abbatem
1113 490 1249 514 iurisdictio
1273 494 1359 513 contra
1382 490 1449 514 uices
1468 494 1606 520 gerrentem
1629 490 1696 518 data,
1719 495 1804 515 eontra
1822 491 1951 515 dominum

107 544 155 559 non
181 541 218 559 est
243 534 424 567 cx{{tendenda,
450 543 506 558 curn
531 536 563 558 sit
587 535 764 565 restringenda,
789 539 816 557 ut
841 534 899 557 dixi.
936 534 1012 557 Unde
1038 541 1087 557 non
1112 532 1231 564 procedet
1255 531 1399 563 deleglatuS,
1424 533 1497 556 datus
1521 536 1605 556 contra
1623 533 1689 556 vices
1709 538 1844 564 gerentem,
1868 539 1953 558 contra

103 579 255 610 episcopum,
277 579 323 602 nisi
343 579 406 602 forte
426 578 454 601 lis
474 579 562 601 fuisset
580 577 734 609 contclstata.
766 577 806 600 De
824 584 964 600 successore
984 576 1063 600 dicam
1083 576 1114 599 de
1132 575 1219 598 officio
1238 575 1353 606 delegati.
1372 575 1531 606 Quoniam
1550 575 1670 599 Abbas.
1709 576 1857 600 Mandatum
1874 576 1878 607 Ι
1893 584 1953 599 uero

103 621 195 644 facturn
218 622 285 645 uices
302 622 398 652 gerenti
417 626 481 644 artat
499 628 664 644 successorem
684 619 723 643 uel
743 620 880 643 dominum.
918 620 952 643 Et
970 625 1007 642 est
1026 617 1186 650 diuersitaltis
1205 618 1280 641 ratio:
1307 617 1443 641 iurisdictio
1462 618 1520 641 data
1539 618 1700 649 restringitur,
1724 618 1868 642 mandatum
1889 626 1952 645 non;

102 671 168 695 ymo,
193 665 403 695 quandocumque
417 665 426 696 ΙΙ
440 665 556 688 subditus
582 668 672 695 potest,
696 663 772 687 debet
790 662 892 686 obedire
910 670 956 686 nec
973 662 1004 685 de
1023 661 1167 685 obedientia
1186 661 1307 691 restringi,
1328 660 1393 683 vm
1413 668 1454 691 qu.
1474 661 1486 683 1
1504 659 1710 693 Scienldum;
1730 661 1773 684 XI
1791 668 1833 692 qu.
1853 661 1901 688 ΠΙ,
1920 661 1950 685 Si

101 707 253 730 dominus
272 712 296 730 et
308 715 337 734 c.‚
357 707 418 738 Qui
434 707 565 730 resistit
584 711 609 730 et
622 714 652 733 c.‚
672 705 756 737 Quid
772 713 847 736 ergo
860 710 884 728 et
898 705 971 729 faciat
985 705 1009 728 in
1026 704 1029 736 Ι
1046 704 1182 727 Autentica
1195 703 1368 727 Iusiurandum
1379 703 1448 734 quod
1460 712 1474 726 a
1492 703 1614 727 moriente
1627 703 1740 734 prestito,
1759 703 1783 727 in
1797 711 1906 735 respons.
1927 704 1952 726 11

101 757 126 775 et
139 752 150 774 1
164 750 196 781 §.,
206 750 338 774 collatione
351 750 384 773 V.
393 763 425 766 —
435 749 485 772 Ma
494 757 509 772 n
518 749 556 772 da
567 754 638 772 turn.
654 748 658 780 Ι
675 749 740 779 Quia
755 748 890 779 expressim
904 755 953 770 non
966 747 1121 771 scribebatur
1134 747 1253 778 episcopo
1265 746 1309 770 sed
1322 746 1417 770 decano
1429 751 1454 770 et
1466 746 1582 777 mpitulo.
1598 760 1629 763 —-
1643 746 1798 770 Deberes.
1818 746 1936 778 Oplpono
1948 755 1953 770 :

102 799 144 817 aut
169 802 232 825 papa
257 793 370 817 contullit
394 793 431 816 ius
450 794 475 816 in
494 792 540 815 hac
559 791 686 823 prebenda
705 791 759 823 [aut
778 790 853 822 non];
879 791 899 813 si
918 790 1040 817 contullit,
1059 789 1124 813 male
1137 789 1146 820 ΙΙ
1160 789 1219 813 facit
1238 789 1409 819 redarguendo
1427 789 1582 820 episcopum,
1600 789 1659 820 quia
1677 789 1808 820 episcopus
1827 789 1858 812 ad
1877 796 1951 820 quem

102 837 209 868 pertinet
227 836 327 859 collatio
343 837 346 866 Ι
362 835 428 858 bene
446 835 513 863 facit,
535 835 556 858 si
575 834 606 858 de
625 841 692 857 nouo
710 841 759 857 non
778 834 882 856 confert.
919 833 1020 856 Sufficit
1039 832 1104 856 enim
1124 832 1224 855 collatio
1242 839 1314 862 pape,
1338 839 1397 861 ymo
1416 831 1452 854 illi
1471 829 1571 863 falceret
1588 831 1711 855 iniuriam.
1747 831 1798 855 Sed
1816 830 1951 863 capitulum

100 883 138 902 est
161 878 369 909 redarguendum.
388 885 438 900 non
457 877 599 908 recipiendo
626 876 703 904 illum,
730 877 804 899 etiam
818 876 870 899 sine
887 874 891 907 Ι
906 875 955 899 alio
973 875 1092 898 mandato
1110 874 1228 906 episcopi.
1265 874 1291 897 Si
1311 881 1375 905 papa
1393 881 1443 897 non
1461 874 1584 902 contullit,
1603 873 1684 898 adhuc
1702 874 1793 897 iniuste
1811 874 1953 905 redarlguit,

100 929 156 945 cum
175 921 258 944 littere
276 928 326 944 non
345 920 464 947 ualerent,
483 920 574 951 quibus
593 919 760 942 mandabatur
778 920 802 941 in
821 918 966 942 canonicum
981 917 990 948 ΙΙ
1003 917 1086 948 recipi,
1105 917 1149 948 qui
1167 924 1218 940 non
1236 922 1288 939 erat
1307 916 1448 945 canonicus,
1467 921 1491 940 et
1510 917 1554 948 qui
1571 917 1704 940 canonicus
1718 925 1762 948 per
1777 924 1820 940 eos
1836 917 1890 940 fieri
1903 924 1952 940 non

101 968 205 995 poterat.
221 963 225 995 Ι
242 971 297 987 curn
316 963 348 986 ad
373 970 415 986 eos
434 970 484 985 non
503 966 625 993 spectaret
643 962 750 985 collatio.
784 961 851 984 Dicit
870 960 1040 986 Innocentius,
1058 959 1127 990 quod
1145 966 1189 990 per
1203 958 1296 982 litteras
1313 958 1407 982 nullum
1423 960 1427 990 Ι
1443 959 1480 982 ius
1499 963 1537 982 est
1549 959 1673 990 quesitum
1689 959 1768 983 ludeo
1781 960 1806 983 in
1819 959 1952 987 beneficio,

101 1007 145 1030 sed
164 1006 276 1029 canonici
301 1006 449 1029 auctoritate
467 1005 605 1028 literramm
622 1005 625 1036 Ι
642 1008 777 1035 potuerunt
795 1003 830 1026 illi
848 1003 961 1026 conferre
980 1002 1025 1025 ius.
1062 1002 1174 1025 Intendit
1193 1002 1259 1025 enim
1284 1009 1348 1032 papa
1367 1009 1411 1032 per
1429 1001 1490 1025 tales
1510 1002 1611 1030 formas,
1630 1002 1699 1033 quod
1717 1009 1767 1025 non
1784 1003 1788 1033 Ι
1803 1002 1883 1025 solum
1903 1008 1952 1032 que

64 1059 71 1064 ¹
101 1049 158 1073 facti
183 1053 240 1072 sunt
259 1049 408 1076 consti-rant,
427 1048 472 1072 sed
491 1048 565 1071 etiam
584 1054 633 1078 que
646 1051 703 1070 sunt
723 1046 794 1073 iuris;
815 1050 840 1069 et
858 1046 893 1069 sic
911 1045 971 1069 dicit
990 1052 1080 1076 papam
1095 1044 1200 1068 coctidie
1213 1043 1222 1074 ΙΙ
1237 1043 1324 1067 facere.
1355 1044 1415 1067 Non
1429 1048 1513 1067 tamen
1525 1044 1611 1071 credit,
1630 1044 1707 1075 quod,
1725 1045 1746 1067 si
1759 1052 1823 1075 papa
1835 1044 1952 1067 scriberet

100 1092 200 1123 penitus
225 1095 351 1118 extraneo,
377 1090 446 1122 quod
464 1091 585 1121 reciperet
600 1089 604 1121 Ι
619 1090 728 1120 aliquem
751 1089 777 1112 in
796 1089 896 1111 fratrem
915 1087 1018 1111 alicuius
1037 1087 1147 1115 ecclesie,
1172 1087 1197 1109 in
1217 1094 1266 1117 qua
1284 1087 1320 1109 ius
1340 1086 1476 1117 recipiendi
1495 1094 1545 1109 non
1562 1086 1647 1114 habet,
1664 1086 1667 1119 Ι
1684 1086 1752 1118 quod
1770 1087 1870 1110 ualeant
1891 1086 1952 1110 tales

101 1136 179 1164 litere,
207 1136 254 1159 nisi
278 1142 395 1166 expresse
413 1134 524 1161 sciretur,
548 1132 617 1164 quod
635 1140 700 1163 papa
717 1132 781 1155 sicut
800 1135 918 1155 extraneo
933 1130 937 1163 Ι
953 1130 1071 1154 scriberet
1090 1137 1118 1153 ex
1138 1133 1204 1153 certa
1223 1129 1333 1153 seientia.
1370 1129 1414 1152 Ad
1432 1128 1481 1152 hoc
1498 1129 1562 1152 infra
1580 1137 1634 1160 cap.
1671 1129 1745 1153 Cum
1766 1129 1952 1162 aliquibus,

101 1179 164 1202 libro
177 1179 238 1202 V10.
264 1178 291 1202 Si
310 1185 367 1208 ergo
386 1177 463 1200 dioes:
486 1183 562 1207 quare
579 1176 582 1206 Ι
598 1175 711 1199 canonici
729 1179 812 1198 creato
831 1174 949 1205 episcopo
968 1173 1048 1204 ipsum
1069 1180 1118 1196 non
1138 1176 1291 1203 receperunt,
1311 1172 1362 1195 dixi
1380 1179 1455 1203 supra
1473 1179 1548 1203 super
1564 1179 1637 1195 versu
1656 1172 1729 1195 Non
1742 1171 1751 1203 ΙΙ
1764 1176 1950 1203 potuerunt.

101 1221 177 1245 Vnde
200 1221 299 1244 dicebat
318 1220 453 1244 Boatinus:
479 1223 522 1242 aut
546 1226 610 1249 papa
636 1218 720 1241 scribit
745 1217 817 1241 alicui
840 1222 868 1240 ut
892 1215 1035 1246 execlutori,
1061 1215 1130 1246 quod
1154 1214 1306 1238 beneficium
1332 1215 1452 1243 conferat,
1478 1222 1529 1246 quo
1551 1222 1609 1238 casu
1627 1215 1732 1242 confert,
1756 1214 1814 1237 licet
1832 1214 1903 1237 aliter
1920 1213 1952 1237 ad

100 1271 158 1287 eum
173 1263 177 1293 Ι
194 1267 290 1294 spectet
302 1267 327 1286 et
339 1262 453 1289 collatio;
473 1266 515 1285 aut
528 1266 556 1284 ut
568 1261 678 1285 collatori
693 1260 715 1283 ei
734 1260 776 1291 qui
795 1259 898 1283 collator
915 1263 960 1287 est,
980 1263 1005 1282 et
1024 1263 1081 1282 tunc
1100 1256 1223 1289 plaEnunu
1243 1263 1285 1280 aut
1303 1263 1331 1280 ut
1349 1257 1463 1280 collatori
1481 1257 1502 1280 ei
1521 1257 1565 1288 qui
1583 1265 1633 1280 non
1652 1261 1690 1280 est
1701 1257 1812 1285 collator,
1831 1264 1882 1288 quo
1894 1263 1952 1280 casu

101 1307 120 1330 is
147 1307 186 1330 cui
201 1305 205 1338 Ι
221 1306 335 1330 scribitur
359 1305 471 1328 conferre
498 1312 547 1328 non
572 1308 663 1335 potest,
687 1303 734 1326 nisi
759 1310 823 1334 papa
847 1302 971 1333 scripserit
1000 1309 1030 1324 ex
1055 1305 1120 1324 certa
1144 1300 1256 1324 scientia.
1276 1314 1307 1317 -
1328 1300 1442 1323 Datam
1468 1300 1654 1328 literarum,
1674 1299 1683 1331 ΙΙ
1702 1304 1727 1323 et
1753 1303 1862 1323 mentem
1888 1306 1952 1330 pape

100 1349 237 1373 secundum
256 1349 431 1372 Innocentium
457 1352 481 1371 et
501 1347 651 1371 Ostiensem.
671 1360 703 1363 —
722 1345 994 1369 Archidiaconus.
1031 1344 1099 1374 Ergo
1124 1348 1207 1375 potest
1231 1344 1287 1375 quis
1305 1343 1398 1367 habere
1417 1342 1572 1375 dignitaltem
1591 1343 1734 1366 canonicam
1754 1347 1778 1366 et
1796 1341 1949 1373 prebendam

100 1393 125 1416 in
149 1400 198 1416 una
222 1392 333 1419 ecclesia.
359 1391 391 1414 de
409 1390 590 1414 consuetudine
609 1397 629 1412 c.
648 1389 669 1417 1,
694 1389 758 1412 libro
776 1389 824 1412 VI.
862 1388 895 1411 Et
911 1386 915 1416 Ι
931 1387 963 1411 ad
987 1386 1140 1410 intellectum
1165 1386 1238 1410 huius
1263 1386 1334 1410 litere
1358 1385 1416 1409 uide
1441 1385 1510 1417 quod
1528 1385 1609 1409 dicam
1629 1385 1693 1408 infra
1711 1385 1743 1408 de
1761 1384 1799 1408 his
1818 1392 1867 1415 que
1887 1384 1952 1407 fiunt

101 1444 114 1458 a
132 1435 235 1467 prelato,
254 1435 321 1458 Tua
337 1434 340 1467 Ι
357 1435 381 1457 in
400 1433 529 1465 principio.
549 1447 582 1450 —
599 1431 723 1455 Adhuc.
760 1432 841 1455 Notat
853 1439 898 1462 per
910 1431 939 1462 ΙΡ)
952 1429 999 1454 hoc
1010 1430 1038 1459 (Ρ)
1052 1430 1199 1457 Goffredus,
1217 1429 1286 1460 quod
1310 1429 1416 1453 mutatio
1435 1432 1514 1452 status
1538 1436 1588 1452 non
1614 1428 1702 1452 liberat
1717 1429 1721 1459 Ι
1737 1428 1846 1459 aliquem
1871 1427 1902 1450 ab
1921 1434 1951 1449 eo

99 1478 132 1501 ad
156 1478 224 1509 quod
251 1477 389 1501 tenebatur.
426 1476 527 1507 Allegat
554 1476 606 1498 iura
630 1483 675 1506 pro
702 1479 726 1497 et
752 1478 847 1501 contra,
872 1481 921 1504 que
933 1473 943 1505 ΙΙ
956 1480 1047 1504 ponam
1067 1472 1098 1495 de
1117 1472 1232 1503 obligatis
1251 1471 1283 1495 ad
1302 1472 1468 1499 ratiocinium,
1494 1479 1547 1502 cap.
1566 1479 1625 1499 uno,
1649 1478 1723 1502 super
1741 1478 1812 1494 versu
1831 1470 1948 1493 Ratio-

100 1520 206 1544 ciniis.
226 1534 257 1537 -
276 1519 468 1550 Dedignari.

254 1619 318 1652 44.
341 1614 435 1642 Vatic.
455 1613 544 1650 2598,
567 1613 693 1650 scriptus
710 1617 755 1641 est
778 1612 883 1640 ‘littera
906 1611 1104 1639 Bononiensi’
1129 1611 1166 1647 (v.
1183 1610 1283 1648 paullo
1307 1614 1377 1637 ante
1400 1618 1427 1646 p.
1445 1608 1566 1646 XXXI)
1591 1618 1637 1636 an.
1659 1608 1737 1644 1378
1762 1608 1800 1645 (v.
1824 1608 1842 1636 f.
1860 1609 1950 1647 256V)

100 1676 118 1694 a
142 1666 280 1694 Gerardo
313 1667 351 1694 de
374 1665 581 1702 Spilamberto‚
612 1665 738 1692 fortasse
762 1664 926 1697 Bononiae,
960 1667 989 1691 et
1011 1662 1188 1699 imaginibus
1220 1665 1341 1689 ornatus
1367 1669 1385 1688 a
1409 1660 1538 1688 Nicolao
1561 1661 1600 1688 de
1623 1659 1764 1688 Bononia
1788 1660 1825 1697 (v.
1849 1661 1950 1697 paullo

100 1722 170 1745 ante
193 1727 221 1754 p.
245 1717 361 1750 XXXI,
391 1716 565 1753 praesertim
589 1715 621 1743 L.
646 1715 782 1744 Craccm
805 1715 821 1742 l.
845 1724 867 1742 c.
896 1724 923 1751 p.
952 1722 1030 1749 114¹-
1098 1721 1157 1749 472
1177 1716 1209 1748 ><
1229 1711 1287 1749 296
1311 1721 1390 1745 mm.‚
1414 1712 1443 1739 ff.
1469 1710 1537 1747 256.
1562 1728 1602 1731 -—
1627 1711 1769 1739 Continet
1799 1712 1950 1740 ‘lecturam

102 1769 211 1797 Bartoli
243 1769 282 1796 de
312 1768 502 1796 Saxoferrato
534 1776 624 1804 super
650 1767 663 1794 I
696 1771 724 1795 et
756 1766 785 1794 ΙΙ
817 1770 900 1803 parte
931 1764 1097 1793 Infortiati.'
1144 1764 1179 1791 In
1203 1767 1288 1800 parte
1311 1763 1372 1791 folii
1397 1765 1483 1798 234V,
1514 1771 1605 1799 quam
1638 1762 1822 1795 exhibemus,
1856 1762 1950 1790 habes

101 1820 319 1848 enarrationem
350 1819 397 1847 lib.
427 1818 576 1851 XXXVI,
606 1819 646 1845 tit.
679 1818 737 1851 III,
769 1817 838 1855 legis
863 1817 885 1850 I,
916 1818 929 1852 g
959 1824 1002 1844 11.
1049 1815 1143 1852 Typis
1174 1819 1270 1843 exstat
1300 1822 1441 1850 expressa
1470 1813 1500 1840 in
1532 1813 1677 1846 Bartolus‚
1709 1812 1810 1849 Opera
1840 1813 1949 1841 omnia.

100 1871 242 1904 Venetus,
260 1871 302 1898 IV
320 1869 437 1907 (1596),
459 1871 476 1897 s·
499 1873 580 1905 147v-
641 1874 666 1909 ἿΙ
680 1877 725 1900 lin.
737 1882 761 1905 17
776 1876 812 1899 Ut
822 1876 959 1907 legatorum
970 1882 1014 1899 seu
1024 1874 1275 1898 fideicommissorum
1286 1873 1388 1896 nomine
1400 1876 1524 1896 caueatur.
1547 1872 1666 1895 Rubrioe.
1677 1885 1710 1888 —
1720 1872 1916 1902 Legatorum
1927 1871 1950 1903 ᾗ.

97 1922 132 1945 Si
151 1926 274 1944 cuncta.
303 1921 424 1952 Legatum
446 1920 579 1951 repetitum
595 1919 598 1951 Ι
616 1919 654 1942 bis
674 1923 769 1942 tantum
789 1919 902 1946 debetur,
921 1922 946 1941 et
964 1925 1010 1948 pro
1027 1917 1082 1948 ipso
1101 1916 1227 1947 legaQtario
1239 1916 1270 1938 ab
1283 1915 1375 1939 herede
1388 1914 1427 1938 vel
1439 1914 1525 1938 heredi
1537 1923 1552 1938 a
1565 1914 1683 1945 legatario
1695 1922 1745 1938 non
1758 1918 1866 1938 cauetur.
1892 1914 1951 1938 Hoc

98 1965 195 1988 dicitur.
238 1965 317 1988 Istum
343 1963 364 1995 §-
389 1963 467 1987 habes
494 1963 519 1986 in
545 1962 624 1995 l[ege]
651 1962 939 1989 Fideicommissa,
965 1960 986 1991 ξ.
1017 1960 1049 1983 Si
1074 1959 1147 1990 quis
1171 1959 1293 1986 decern,
1321 1966 1395 1989 supra
1421 1957 1453 1981 de
1480 1957 1567 1988 legatis
1593 1957 1640 1981 ΙΠ.
1667 1957 1811 1988 Opponitur
1837 1957 1870 1980 de
1895 1957 1950 1988 lege

98 2008 253 2031 Eumdem
279 2007 333 2038 qui
357 2014 431 2038 supra
455 2006 487 2030 de
511 2005 674 2029 seruitutibus
703 2005 854 2028 urbanorum
879 2004 1021 2035 prediorum
1047 2008 1072 2027 et
1090 2003 1129 2026 lex
1162 2003 1193 2026 Si
1221 2003 1267 2025 ita
1289 2003 1292 2033 Ι
1314 2001 1498 2032 stipulatus
1524 2009 1538 2024 a
1563 2001 1666 2028 Titio,
1691 2000 1755 2024 infra
1781 2000 1813 2024 de
1840 2000 1949 2023 fideiius-

98 2051 202 2074 soribus.
239 2049 317 2073 Plene
342 2049 373 2072 de
397 2049 446 2072 isto
471 2047 606 2079 Brooerldo
631 2047 720 2071 dicitur
744 2048 768 2070 in
795 2047 810 2070 l.
841 2047 873 2070 Si
898 2046 998 2070 finita
1022 2046 1047 2069 in
1073 2046 1201 2077 principio,
1227 2045 1290 2068 infra
1314 2044 1345 2067 de
1369 2044 1481 2075 dampno
1506 2044 1607 2071 intecto,
1632 2051 1676 2074 per
1692 2043 1695 2074 Ι
1711 2043 1814 2074 Dynum
1839 2043 1873 2066 ibi
1897 2043 1948 2066 dixi

98 2098 123 2116 et
148 2100 192 2124 per
210 2092 308 2122 Cynum
335 2093 359 2115 in
384 2092 399 2115 l.
422 2098 442 2114 1.
479 2091 622 2122 Opponitur
641 2089 752 2122 C[odex]
777 2090 808 2113 de
831 2089 970 2117 sententiis,
995 2096 1043 2119 que
1065 2096 1110 2119 pro
1125 2087 1129 2120 Ι
1146 2096 1176 2111 eo
1201 2087 1269 2118 quod
1295 2087 1397 2110 interest
1422 2086 1538 2117 proferre.
1575 2086 1718 2117 Opponitur
1741 2085 1773 2109 de
1797 2085 1813 2108 l.
1832 2084 1948 2109 Veluti

99 2144 172 2167 supra
192 2135 246 2167 [de]
266 2134 372 2158 edendo.
409 2134 519 2158 Solvitur
535 2133 538 2165 Ι
554 2134 589 2157 ibi
606 2133 654 2156 hoc
673 2133 737 2161 ideo,
756 2133 813 2163 quia
833 2139 863 2155 ex
883 2131 925 2155 tali
944 2131 1092 2162 repetitione
1111 2130 1166 2162 quis
1186 2138 1235 2154 non
1253 2128 1417 2161 graualretur;
1436 2133 1461 2152 et
1479 2129 1537 2152 ideo
1558 2129 1678 2151 iterum
1697 2127 1774 2151 semel
1794 2132 1889 2151 tantum
1909 2127 1949 2151 hic

98 2178 252 2210 intelligitur,
271 2178 340 2209 quod
356 2177 360 2210 Ι
376 2185 426 2201 non
439 2177 558 2208 quociens
571 2176 715 2208 oppositum
730 2175 756 2207 [l.
770 2173 952 2207 opportunum]
966 2174 1048 2202 fuerit,
1066 2174 1107 2197 uel
1120 2173 1154 2196 ibi
1167 2173 1265 2196 dicitur.
1296 2171 1419 2195 Bartolus.
1436 2170 1440 2203 Ι
1456 2185 1487 2188 -
1501 2171 1534 2195 Si
1552 2171 1625 2202 quis
1644 2170 1703 2194 sub
1721 2170 1947 2194 condictione.

98 2222 124 2246 Si
140 2229 189 2245 una
207 2221 272 2244 actio
285 2222 309 2244 iri
323 2220 405 2244 locum
422 2219 425 2252 Ι
441 2220 541 2244 alterius
555 2219 673 2247 succedit,
692 2219 745 2242 eius
764 2223 876 2241 naturam
889 2217 1002 2241 assumit.
1015 2230 1047 2233 —
1067 2215 1099 2240 Si
1117 2215 1228 2239 decem
1244 2214 1248 2246 Ι
1264 2222 1324 2246 que
1343 2214 1374 2237 in
1392 2213 1493 2237 archa.
1529 2213 1616 2237 Primo
1640 2213 1750 2244 loquitur
1773 2212 1874 2243 quando
1893 2220 1948 2244 pro-

99 2265 190 2296 prietas
215 2268 240 2287 et
264 2264 407 2287 usufructus
422 2262 426 2294 Ι
442 2263 523 2294 legata
546 2266 604 2285 sunt
622 2269 696 2292 pure;
721 2261 832 2284 secundo
855 2260 957 2291 quando
974 2259 1021 2282 sub
1040 2258 1205 2282 condictione.
1236 2258 1300 2281 Item
1319 2257 1399 2288 prima
1417 2255 1547 2289 diluiditur
1564 2256 1589 2279 in
1609 2260 1657 2279 tres
1677 2255 1831 2286 questiones.
1861 2255 1948 2278 Primo

98 2307 165 2335 dicit,
185 2306 253 2338 quod
272 2310 356 2337 potest
374 2308 458 2336 petere
475 2305 478 2336 Ι
495 2304 601 2336 quilibet
619 2304 674 2335 ipso
694 2304 754 2327 iure.
785 2303 901 2327 Secundo
920 2303 946 2326 in
964 2304 1085 2333 quantum
1104 2299 1211 2332 0b[stat]
1231 2300 1346 2331 exceptio
1364 2299 1395 2323 de
1414 2297 1543 2331 equitalte.
1579 2299 1664 2322 Tertio
1683 2298 1744 2329 quid
1762 2299 1823 2326 iure,
1847 2297 1948 2329 quando

98 2349 230 2380 legatarius
248 2348 425 2380 proprietatem
448 2345 576 2379 possildet.
612 2346 727 2370 Secunda
745 2346 779 2369 ibi
798 2345 859 2369 Sed
877 2352 944 2368 cuin
965 2344 1082 2368 decem.
1116 2343 1211 2374 Quarta
1230 2343 1265 2366 ibi
1284 2342 1387 2366 Plane
1406 2342 1432 2365 si
1451 2341 1568 2365 decem.
1598 2341 1663 2365 Item
1682 2340 1789 2364 secunda
1807 2348 1863 2372 pars
1882 2340 1947 2371 prin—

98 2391 184 2423 cipalis
204 2391 324 2415 diuiditur
343 2391 368 2414 in
387 2390 456 2413 duas.
486 2390 573 2413 Primo
586 2389 647 2420 quid
659 2389 717 2412 iuris
729 2389 761 2411 sit
774 2388 913 2411 amdicione
927 2386 954 2419 [l.
967 2385 1122 2418 conditione]
1141 2389 1243 2418 petente
1262 2385 1289 2417 [l.
1308 2384 1454 2416 pendente].
1485 2384 1602 2408 Secundo
1620 2383 1681 2415 quid
1699 2383 1758 2407 iuris
1775 2383 1809 2406 sit
1826 2382 1948 2407 existente

98 2435 248 2458 conditione.
265 2433 270 2466 Ι
285 2433 399 2457 Secunda
417 2433 451 2456 ibi
470 2432 533 2456 Sed
551 2432 577 2455 si
595 2431 740 2455 obmisit.
777 2431 875 2454 Dicitur
893 2430 962 2461 quod
980 2430 1027 2453 iste
1046 2429 1176 2460 legatarius
1192 2429 1196 2459 Ι
1212 2428 1288 2452 debet
1306 2428 1391 2451 dotem
1411 2426 1438 2459 [l.
1458 2426 1556 2458 decem]
1575 2431 1666 2458 petere,
1685 2433 1744 2457 ymo
1762 2425 1862 2449 uidetur
1879 2425 1948 2456 quod

99 2478 209 2508 quinque
234 2481 339 2500 tantum.
375 2476 443 2499 Nam
469 2483 524 2499 cum
542 2475 546 2507 Ι
562 2474 710 2506 relinquitur
733 2473 876 2497 usufructus
895 2472 1008 2504 pecunie,
1033 2473 1088 2504 ipsa
1106 2472 1244 2503 proprietas
1267 2469 1458 2502 usufructulario
1482 2470 1595 2497 debetur,
1621 2474 1649 2493 ut
1671 2477 1745 2500 supra
1769 2469 1801 2492 de
1819 2468 1947 2492 usufructu

98 2528 182 2544 earum
210 2527 299 2544 rerum.
324 2526 373 2551 que
391 2526 437 2542 usu
456 2522 636 2542 consumuntur
650 2519 654 2548 Ι
670 2524 714 2548 per
733 2521 821 2540 totum.
857 2516 885 2540 Si
904 2515 991 2539 transit
1009 2515 1155 2546 proprietas,
1174 2521 1232 2545 ergo
1250 2513 1369 2545 sequitur,
1388 2513 1456 2544 quod
1471 2526 1502 2530 ——
1516 2512 1525 2543 ΙΙ
1539 2512 1571 2536 Si
1590 2512 1626 2535 ad
1646 2512 1656 2534 f
1662 2512 1770 2535 iseum.
1807 2511 1892 2542 Quero
1915 2518 1947 2534 an

97 2563 179 2587 saltim
203 2563 270 2586 nuda
294 2562 408 2586 cautione
431 2561 524 2585 habeat
548 2559 642 2592 mluere
668 2559 760 2583 fiscus?
797 2559 861 2582 Dico
885 2558 954 2589 quod
978 2565 1037 2585 non,
1061 2557 1118 2581 licet
1142 2564 1213 2580 secus
1237 2557 1269 2580 sit
1294 2557 1317 2579 in
1342 2555 1389 2579 alia
1408 2563 1434 2579 re
1452 2553 1567 2587 publiloe,
1590 2555 1662 2578 utin
1680 2554 1789 2582 ciuitate,
1813 2561 1862 2585 que
1880 2553 1947 2577 nuda

97 2606 213 2630 cautione
228 2605 232 2637 Ι
248 2605 324 2629 habet
336 2605 489 2636 promittere,
502 2608 530 2627 ut
542 2604 605 2627 intra
618 2601 733 2635 e[odem]
747 2602 778 2626 Si
794 2610 853 2633 qua
862 2601 924 2625 ndo
936 2606 961 2625 et
975 2601 1010 2625 ibi
1022 2605 1115 2624 notata.
1126 2613 1157 2617 -
1170 2599 1231 2630 Qui
1243 2599 1409 2622 minorem.
1433 2598 1483 2621 Pro
1497 2605 1526 2621 ea
1535 2602 1614 2629 parte,
1627 2605 1672 2628 pro
1682 2605 1731 2628 qua
1740 2596 1813 2620 alicui
1822 2595 1946 2620 hereditas

98 2649 244 2672 diminuitur
259 2648 263 2680 Ι
279 2648 334 2679 ipso
358 2648 409 2671 iure
433 2647 473 2670 uel
497 2647 522 2669 'm
546 2647 647 2673 effectu,
674 2646 694 2669 si
719 2650 756 2669 est
777 2645 848 2676 culpa
867 2652 920 2672 sua,
943 2651 989 2675 pro
1007 2651 1035 2666 ea
1054 2642 1172 2666 liberatur
1186 2641 1191 2674 Ι
1206 2642 1238 2665 ab
1256 2640 1425 2674 obiligatione‚
1451 2648 1500 2672 que
1518 2648 1548 2664 ex
1566 2640 1613 2664 hac
1631 2639 1792 2671 stipulatione
1809 2638 1946 2662 descendit.

99 2692 157 2715 Hoc
180 2691 240 2714 dicit
258 2690 382 2714 Bartolus.
399 2689 403 2722 Ι
419 2689 563 2721 Opponitur
587 2693 612 2712 et
637 2688 736 2711 uidetur
754 2687 823 2719 quod
840 2686 965 2710 hereditas
983 2694 1033 2710 non
1055 2689 1139 2717 potest
1156 2684 1310 2712 exhonerari,
1327 2685 1330 2716 Ι
1347 2688 1374 2708 ut
1393 2684 1408 2708 l.
1428 2683 1503 2707 Cum
1521 2682 1691 2706 hereditas
1710 2682 1735 2705 in
1754 2681 1804 2705 fine
1822 2688 1896 2712 supra
1913 2680 1946 2703 ad

98 2734 260 2757 Trebonium.
293 2732 414 2757 Solvitur:
429 2731 535 2763 speciale
548 2735 586 2754 est
599 2731 624 2754 in
640 2738 643 2762 Ι
659 2730 706 2754 hac
718 2730 840 2757 cautione,
854 2737 902 2761 que
915 2729 1019 2752 assumit
1032 2728 1081 2752 sibi
1092 2728 1157 2752 uires
1170 2728 1274 2751 actionis
1287 2735 1317 2750 ex
1333 2730 1490 2754 testamento,
1504 2730 1531 2749 ut
1545 2733 1618 2757 supra
1632 2725 1719 2748 eadem
1732 2724 1786 2755 lege
1800 2723 1814 2755 ς’
1826 2723 1859 2747 Si
1872 2722 1946 2754 quis

98 2776 154 2800 sub
173 2776 395 2799 condictione.
409 2788 440 2792 -
454 2775 486 2798 Si
505 2775 532 2797 ei
552 2775 614 2805 qui.
644 2773 769 2797 Continua
788 2777 812 2795 et
825 2777 906 2796 cetera
919 2771 1043 2795 Bartolus.
1060 2784 1089 2788 —
1105 2770 1167 2794 Sed
1185 2774 1214 2794 et
1233 2771 1329 2801 ipsas.
1361 2769 1446 2800 Quero
1464 2776 1514 2800 que
1531 2769 1563 2792 sit
1581 2767 1724 2791 differentia
1737 2768 1800 2791 inter
1812 2765 1944 2790 contrarias
