2151 3261
76 1303 99 1316 10

77 1516 99 1535 ¹5

75 1735 99 1748 20

76 1948 99 1966 ²5

75 2120 100 2140 30

75 2290 99 2310 35

76 2461 99 2479 40

76 2589 99 2607 ⁴5

76 2759 100 2777 50

899 267 941 271 —
985 251 1090 279 XXVI
1137 268 1174 272 —

117 343 311 371 Medemesdort,
332 343 428 374 Poppo.
449 357 479 360 —
500 344 597 367 Notum
617 344 649 367 sit
670 343 786 367 omnibus
809 343 900 367 Christi
921 343 1046 369 fidelihus,
1065 343 1132 374 quod
1152 343 1268 367 dominus
1287 343 1451 367 Gebehardus
1471 344 1502 367 de
1522 344 1608 368 Staine
1627 345 1738 376 proprios
1759 346 1865 369 famulos
1881 347 1885 376 Ι
1901 354 1960 370 suos

115 386 276 417 Wigbertum
295 390 319 409 et
338 393 447 409 sororem
467 386 520 409 eius
534 386 657 409 Hailicam
676 394 732 410 cum
753 386 806 409 silio
824 393 869 409 suo
882 386 1006 416 sigefrido
1026 386 1126 409 tradidit
1145 386 1175 409 ad
1191 386 1193 417 Ι
1209 387 1258 415 (ad)
1277 386 1353 409 altare
1371 387 1449 410 sancti
1464 387 1546 410 iacobi
1566 394 1595 410 ea
1607 387 1758 416 conditione,
1777 392 1804 411 ut
1817 388 1907 412 habeat
1920 389 1958 412 ius

114 427 312 451 ministerialium
331 428 443 452 eiusdem
461 427 464 459 Ι
481 428 582 458 ecclesie
603 447 607 452 .
629 447 633 452 .
654 447 658 451 .

268 494 332 536 38.
368 498 529 535 Regestum
547 498 641 525 Vatic.
663 498 690 531 0,
713 498 851 535 singulari
875 507 945 525 cura
968 498 997 525 in
1021 498 1167 526 tabulario
1183 499 1337 535 pontificio
1353 508 1472 536 semper
1487 499 1685 532 adservatum,
1709 499 1809 528 litteris
1825 499 1960 528 Gothicis

114 549 143 576 in
161 548 299 577 Romana
315 549 395 577 curia
411 550 488 577 inter
503 558 599 578 annos
616 548 822 585 1198-1216
840 554 994 577 exaratum
1011 554 1064 577 est.
1123 548 1182 586 369
1197 552 1229 585 ><
1245 557 1303 585 254
1318 559 1396 583 mm,
1414 551 1442 577 ss.
1456 559 1504 585 44.
1518 567 1558 570 --
1574 550 1716 578 Continet
1730 550 1899 578 Innocentii
1912 551 1958 578 111

114 605 261 637 regestum
293 601 332 628 de
363 601 483 638 negotio
507 600 636 628 Romani
667 600 790 637 imperii,
821 600 928 637 pluries
959 601 1081 633 editum,
1113 600 1221 628 videsis
1248 601 1277 627 111
1302 600 1413 628 ΜΙΟΝΕ
1438 601 1492 629 ΡΡ.
1518 601 1574 629 LL.
1599 601 1736 635 CCXVI,
1761 609 1958 638 995—1174.

116 651 150 679 In
174 652 222 679 sol.
247 660 274 688 3,
305 652 387 688 quod
419 651 605 685 exhibemus,
636 652 728 679 habes
756 652 895 688 epistulas
920 651 1037 679 VI—X
1061 651 1188 688 (MIGNE
1212 652 1227 679 l.
1251 661 1275 679 c.
1299 661 1322 679 c.
1352 660 1438 687 1003.
1485 653 1529 680 Cf.
1554 652 1600 680 W.
1626 653 1718 680 PE1TZ
1743 653 1771 680 in
1795 653 1883 681 SBer.
1907 654 1960 681 der

116 703 302 739 philos-hist.
322 703 367 730 Kl.
384 703 438 730 der
454 702 575 730 Wiener
590 703 758 731 Akademie
777 702 887 730 CLXV
905 701 1022 740 (1911),
1046 712 1073 730 11.
1091 711 1118 738 5,
1135 712 1183 740 pp.
1206 702 1261 731 168
1279 713 1314 731 ss.
1333 712 1400 730 202.
1418 711 1474 739 331
1491 714 1496 734 ;
1518 703 1664 731 ΒΕΝΙΡιΕ
1681 704 1710 731 111
1727 704 1837 732 Archiv
1854 705 1871 732 f.
1890 704 1959 732 Lit.-

114 763 140 780 u.
158 753 390 790 Kirchengesch.
409 754 438 781 II
456 752 572 791 (1886),
599 761 645 787 21,
663 754 711 787 (io,
730 761 784 790 75:
811 753 1106 781 KALTENBRUNNER
1130 755 1159 782 in
1177 754 1292 782 Mitteil.
1316 756 1344 782 d.
1363 755 1496 783 Instituts
1521 756 1538 782 f.
1555 759 1656 783 osterr.
1675 755 1960 784 Geschichtsforsch.

115 805 277 833 Romische
305 805 429 833 Studien
453 805 476 838 Ι,
504 812 579 841 277:
611 805 643 832 E.
668 805 781 833 TUI-131<
813 806 842 832 in
872 804 1121 840 Quellenstudien
1153 814 1207 833 aus
1237 806 1266 833 d.
1298 806 1396 834 histor.
1428 807 1563 834 5611111131
1595 807 1649 835 (161
1682 807 1769 835 Univ.
1795 807 1960 835 Innsbruck

114 856 145 884 II
162 855 279 894 (1910),
308 856 416 892 1—78.
440 873 481 876 —
505 857 572 884 Alia
601 857 764 893 specimina
787 857 881 884 habes
912 857 941 883 in
967 856 1058 884 sz
1081 857 1096 884 1,
1114 867 1136 884 c.
1154 858 1211 884 tab.
1231 864 1255 893 7.
1281 857 1314 888 8:
1339 857 1494 890 DENIFLE,
1518 858 1688 894 Specimina
1710 859 1960 896 palaeographica

114 907 311 945 Regestorum
324 907 409 935 Pont.
424 907 510 935 Rom.
525 908 649 941 Romae,
672 907 758 942 1888,
775 909 835 936 tab.
850 908 876 941 8,
893 909 910 935 f.
924 916 972 944 43.
1033 913 1057 947 ῚΙ
1072 915 1166 938 Littera
1180 915 1281 938 Ioannis
1294 916 1380 939 Rusce
1394 915 1590 939 Mediolanensis
1602 917 1741 947 potestatis.
1758 935 1762 940 .
1777 935 1782 940 .
1797 916 1814 948 .]
1828 917 1960 940 intendens

113 957 202 988 iugiter
219 957 395 989 perseuerauit,
414 957 450 980 sic
466 957 573 988 benigne
591 965 635 981 eos
653 957 747 988 legatos
766 962 790 981 et
808 958 918 989 ipsorum
938 961 997 981 uota
1009 958 1043 981 ita
1056 957 1201 985 exaudiatis,
1221 957 1289 988 quod
1303 957 1388 981 debite
1402 957 1434 981 ad
1447 958 1658 982 consecrationem
1675 959 1678 989 Ι
1695 959 1756 982 sacri
1768 959 1866 990 imperii
1878 959 1959 990 ipsum

113 1000 166 1023 sine
184 1000 359 1031 prorogatione
377 1000 529 1030 conuocetis,
547 1004 574 1023 ut
592 1008 637 1031 pro
656 1000 778 1023 exauditis
797 1000 919 1031 precibus,
939 1007 987 1031 que
1007 1000 1140 1023 iocundum
1155 1000 1246 1023 fuerint
1259 1001 1345 1024 sortite
1358 1004 1475 1024 euentum
1490 1000 1690 1033 innumeralbiles
1703 1002 1836 1032 gratiarum
1850 1003 1960 1026 actiones

113 1043 215 1066 obnoxii
235 1046 364 1066 teneamur
382 1047 503 1074 perpetuo
521 1047 604 1067 uestre
622 1043 747 1066 sanctitati
767 1042 891 1066 exhibere.
928 1044 1034 1074 Insuper
1051 1043 1169 1066 dominus
1187 1042 1327 1066 Monachus
1347 1043 1378 1066 de
1397 1043 1473 1071 Villa,
1498 1048 1582 1067 nostre
1601 1044 1669 1067 urbis
1685 1043 1688 1075 Ι
1704 1052 1808 1075 magnus
1827 1049 1852 1068 et
1870 1044 1961 1068 nobilis

112 1085 180 1113 civis,
199 1085 242 1116 qui
260 1089 299 1108 est
316 1085 353 1108 vir
371 1085 490 1116 prouidus
509 1089 534 1108 et
552 1086 753 1116 circumspectus,
771 1093 817 1116 pro
835 1085 883 1108 hoc
902 1085 967 1109 facto
985 1085 1018 1108 ad
1032 1089 1141 1108 uestram
1155 1089 1272 1116 properat
1284 1085 1400 1109 accedere
1414 1085 1570 1109 clementiam
1585 1085 1594 1117 ΙΙ
1607 1094 1662 1109 611111
1676 1087 1770 1110 eisdem
1782 1087 1841 1110 uiris
1854 1087 1960 1118 pruden-

114 1128 187 1151 tibus.
224 1128 349 1159 Quicquid
374 1135 449 1158 super
474 1127 521 1151 hiis
545 1135 575 1150 ex
601 1132 670 1158 parte
694 1132 778 1151 nostra
800 1132 882 1151 uestre
901 1128 1044 1159 exposuerit
1061 1128 1218 1159 benignitati,
1242 1127 1324 1151 eidem
1343 1128 1514 1151 indubitanter
1534 1128 1609 1151 fidem
1627 1128 1630 1160 Ι
1646 1128 1795 1153 adhibeatis.
1816 1144 1843 1147 -—
1866 1130 1961 1153 Littere

113 1170 229 1194 Balduini
247 1170 344 1194 comitis
365 1170 490 1198 Flandrie,
511 1171 646 1201 Haynonie
664 1175 689 1194 et
707 1170 856 1194 marchionis
875 1171 1018 1194 Namurcie.
1036 1171 1038 1201 Ι
1056 1171 1218 1194 Sanctissimo
1236 1171 1300 1201 patri
1319 1178 1347 1194 ac
1365 1171 1468 1194 domino
1481 1170 1651 1202 1[nn0centio]
1673 1176 1828 1195 sacrosancte
1843 1173 1961 1196 Romane

113 1213 216 1237 ecclesie
242 1220 341 1236 summo
365 1213 479 1244 pontifici
503 1213 641 1236 Balduinus
665 1220 749 1236 comes
774 1213 900 1241 Flandrie,
926 1214 1076 1243 Haynoniae
1100 1218 1126 1237 et
1149 1213 1260 1237 marchio
1285 1212 1438 1245 Nalmurcie,
1467 1213 1572 1237 salutem
1598 1219 1623 1237 et
1646 1219 1790 1246 promptum
1815 1223 1870 1238 cum
1892 1217 1961 1239 omni

113 1255 248 1279 deuotione
273 1256 428 1279 famulatum.
466 1255 529 1279 Post
552 1256 650 1279 obitum
670 1256 775 1279 Heni-ici
799 1256 954 1287 imperatoris
975 1264 1020 1279 nos
1039 1264 1087 1279 una
1105 1264 1160 1280 cum
1181 1256 1333 1287 principibus
1350 1257 1353 1286 Ι
1369 1256 1474 1287 imperii,
1498 1256 1530 1280 ad
1548 1264 1611 1288 quos
1630 1257 1661 1280 de
1680 1257 1732 1280 iure
1750 1262 1845 1288 spectat
1864 1258 1961 1286 electio,

114 1298 145 1321 de
164 1298 279 1329 eligendo
297 1306 353 1329 rege
372 1299 455 1329 sepius
475 1298 643 1322 tractauimus.
674 1299 737 1322 Post
754 1299 837 1322 uarios
856 1299 956 1322 tandem
975 1298 1090 1327 affectus,
1109 1299 1171 1322 sicut
1185 1300 1193 1329 ΙΙ
1207 1299 1320 1322 Domino
1338 1298 1439 1330 placuit,
1458 1299 1483 1322 in
1502 1299 1684 1323 serenissimum
1704 1300 1832 1324 dominum
1850 1305 1961 1324 nostrum

113 1348 194 1372 regem
214 1341 344 1369 ottonem,
368 1341 441 1364 uobis
466 1344 491 1364 et
515 1341 618 1364 ecclesie
638 1341 756 1364 Romane
780 1341 980 1369 deuotissimum,
1004 1347 1063 1365 uota
1088 1346 1171 1365 nostra
1197 1341 1357 1365 celeberrime
1383 1340 1574 1374 conlcurrerunt,
1599 1342 1642 1373 qui
1666 1343 1827 1373 postmodum
1852 1343 1878 1366 in
1901 1343 1962 1367 sede

112 1386 285 1415 Augustorum
304 1384 457 1415 Aquisgrani
476 1384 642 1407 coronationis
661 1392 690 1408 ac
707 1384 898 1407 consecrationis
917 1384 1098 1415 plenitudinem
1116 1391 1161 1415 per
1179 1392 1280 1407 manum
1297 1384 1300 1415 Ι
1317 1383 1475 1407 coloniensis
1493 1384 1681 1416 archiepiscopi,
1699 1385 1767 1409 cuius
1786 1384 1834 1409 hoc
1851 1385 1960 1413 interest,

111 1435 167 1450 611111
186 1427 255 1450 0111111
273 1435 322 1458 qua
341 1427 424 1451 decuit
442 1426 628 1458 sollempnitate
646 1427 736 1450 meruit
755 1427 874 1458 optinere.
906 1428 962 1451 Nos
980 1428 1054 1458 igitur
1072 1427 1131 1450 dicti
1150 1427 1213 1457 regis
1230 1426 1233 1457 Ι
1249 1426 1405 1454 6166110116111,
1430 1434 1504 1457 quam
1524 1427 1625 1458 quidem
1645 1427 1709 1451 iuste
1728 1428 1818 1452 factam
1838 1435 1892 1451 esse
1911 1436 1960 1451 non

112 1470 264 1498 dubitamus,
288 1474 366 1493 ratam
385 1469 514 1497 habentes,
540 1474 616 1493 terras
635 1474 741 1498 nostras,
767 1478 828 1501 quas
848 1470 879 1493 de
898 1470 1002 1501 imperio
1021 1474 1142 1497 tenemus,
1161 1478 1176 1492 a
1193 1477 1269 1492 manu
1286 1469 1288 1499 Ι
1305 1477 1348 1492 5113
1367 1469 1522 1500 recipientes,
1542 1470 1608 1493 sacto
1626 1469 1739 1494 hominio
1757 1470 1792 1494 illi
1812 1471 1960 1495 fidelitatem

113 1512 255 1536 iurauimus.
287 1513 416 1536 Sanctitati
440 1520 498 1543 ergo
516 1516 607 1539 uestre,
625 1513 702 1536 Pater
719 1513 863 1540 reuerende,
885 1513 953 1536 omni
972 1520 1022 1544 qua
1039 1520 1174 1544 possumus
1188 1512 1197 1543 ΙΙ
1210 1513 1343 1536 affectione
1362 1512 1539 1544 supplicamus,
1558 1513 1674 1544 quatinus
1693 1514 1864 1537 rationabilem
1884 1515 1961 1546 ipsius

111 1555 267 1583 electionem,
285 1555 471 1579 coronationem
491 1554 578 1586 [atque
586 1554 607 1586 ἓ]
627 1563 655 1578 36
672 1556 882 1579 consecrationem
897 1559 974 1579 ratam
987 1555 1079 1579 habere
1092 1555 1205 1579 uolentes
1221 1555 1225 1587 Ι
1241 1563 1296 1578 63111
1311 1555 1459 1578 confirmare
1471 1560 1546 1587 atque
1559 1556 1640 1587 ipsum
1654 1564 1737 1587 regem
1750 1557 1782 1580 ad
1795 1557 1892 1588 imperii
1905 1565 1962 1581 con-

111 1598 274 1621 secrationem
292 1605 382 1621 uocare
400 1603 503 1629 paterna
521 1598 614 1629 pietate
633 1598 776 1629 dignemini,
796 1602 822 1621 111
843 1599 874 1621 ad
894 1597 1050 1630 oblsequium
1065 1603 1175 1622 uestrum
1190 1602 1214 1621 et
1226 1598 1329 1622 ecclesie
1344 1599 1462 1622 Romane
1475 1599 1658 1630 imperpetuum
1671 1599 1777 1630 amplius
1791 1600 1925 1624 innitemur
1937 1605 1961 1624 et

111 1640 201 1664 arctius
214 1640 359 1671 obligemur.
373 1655 405 1658 —
419 1641 513 1664 Littere
525 1642 551 1664 A
579 1641 676 1664 comitis
696 1641 727 1664 de
741 1641 857 1672 Dasburg
875 1645 899 1664 et
914 1641 1042 1664 Metensis.
1060 1642 1063 1673 Ι
1080 1641 1243 1665 Sanctissimo
1257 1641 1361 1665 domino
1373 1646 1398 1664 et
1411 1641 1474 1672 patri
1488 1640 1660 1673 I[nnocentio]
1675 1647 1830 1666 sacrosancte
1842 1643 1961 1666 Romane

112 1682 214 1706 ecclesie
228 1691 328 1707 summo
342 1683 455 1714 pontifici
469 1688 493 1707 et
506 1683 689 1706 venerabilibus
702 1683 810 1707 dominis
824 1683 943 1707 vniuersis
955 1684 1121 1707 cardinalibus
1131 1685 1164 1707 A.
1180 1682 1183 1717 Ι
1195 1691 1279 1707 6011165
1293 1684 1324 1707 de
1334 1684 1450 1715 Dasburg
1463 1688 1489 1707 et
1499 1685 1621 1708 Metensis
1636 1685 1746 1709 debitam
1760 1686 1923 1709 reuerentiam
1937 1690 1962 1710 et

113 1729 226 1756 paratum
251 1726 276 1749 in
301 1726 417 1749 omnibus
440 1726 597 1757 obsequium.
634 1726 697 1750 Cum
718 1726 805 1749 fuisset
822 1726 896 1749 rebus
915 1725 1029 1750 humanis
1043 1726 1052 1758 ΙΙ
1067 1727 1191 1750 Η611116115
1211 1727 1346 1758 imperator
1364 1731 1503 1758 exemptus,
1523 1735 1567 1750 nos
1587 1731 1612 1751 et
1629 1727 1671 1751 alii
1688 1728 1812 1759 principes
1831 1728 1961 1752 dominum

112 1768 242 1796 Ottonem‚
270 1769 397 1800 quondam
418 1769 521 1792 Henrici
546 1769 615 1793 ducis
633 1769 749 1797 Saxonie,
777 1769 802 1792 in
826 1776 908 1800 regem
928 1768 1113 1801 Romalnorum
1139 1770 1258 1800 elegimus
1277 1773 1303 1793 et
1320 1770 1403 1800 ipsum
1423 1777 1459 1797 63,
1485 1778 1534 1801 qua
1552 1771 1635 1794 decuit
1653 1770 1838 1802 sollempnitate
1857 1779 1900 1802 per
1918 1772 1961 1795 do-

112 1811 207 1834 minum
226 1811 350 1835 Adolfum
370 1811 545 1836 Colonieusem
570 1811 782 1843 archiepiscopum
808 1812 875 1843 apud
893 1812 1079 1843 Aquisgranum
1103 1811 1106 1844 Ι
1129 1816 1300 1836 consecratum
1326 1813 1351 1836 in
1375 1813 1435 1836 sede
1458 1813 1533 1843 regia,
1557 1813 1620 1837 sicut
1644 1822 1658 1836 a
1677 1813 1774 1837 Karolo
1799 1814 1961 1838 constitutum

112 1858 173 1882 erat,
190 1854 335 1878 locauimus.
367 1855 499 1885 Rogamus
517 1862 575 1885 ergo
593 1855 751 1878 sanctitatem
770 1858 887 1882 uestram,
905 1859 933 1878 ut
952 1854 1037 1879 habita
1053 1855 1057 1887 Ι
1073 1855 1272 1879 consideratione
1290 1856 1323 1879 ad
1340 1856 1452 1879 miserias
1471 1861 1496 1879 et
1514 1856 1698 1887 oppressiones,
1716 1864 1778 1888 quas
1796 1864 1841 1888 per
1857 1857 1961 1880 nouissi-

112 1904 167 1920 mos
185 1897 347 1928 imperatores
365 1898 526 1921 Fredericum
551 1902 575 1921 et
594 1897 732 1920 Henricum
752 1897 832 1920 filiuni
857 1898 910 1921 eius
927 1897 931 1928 Ι
948 1898 1119 1926 sustinuimus,
1143 1898 1288 1922 electionem
1309 1898 1405 1921 domini
1423 1899 1501 1922 nostri
1521 1899 1582 1929 regis
1602 1898 1703 1922 Ottonis
1721 1899 1869 1922 confirmare
1887 1903 1912 1922 et
1929 1899 1962 1922 ad

112 1939 266 1970 imperialem
291 1941 501 1964 consecrationem
526 1948 615 1964 uocare
633 1939 787 1972 dignemillni
810 1944 835 1963 et
853 1944 949 1971 partem
967 1940 1097 1964 aduersam
1116 1949 1130 1964 a
1149 1940 1280 1969 fidelitate,
1299 1949 1373 1972 quam
1393 1941 1449 1964 duci
1469 1941 1560 1965 Sueuie
1579 1941 1697 1969 fecerunt,
1721 1941 1858 1965 absoluatis
1876 1946 1901 1965 et
1918 1949 1962 1973 per

113 1989 240 2005 censuram
265 1982 464 2016 ecclesialsticam
489 1988 574 2006 nostre
597 1982 712 2006 electioni
736 1983 876 2006 consentire
894 1983 1057 2014 compellatis.
1076 1997 1110 2000 —-
1130 1984 1239 2007 Litterae
1258 1984 1416 2007 Coloniensis
1441 1983 1628 2015 archiepiscopi.
1646 1984 1649 2015 Ι
1665 1984 1829 2008 Sanctissimo
1852 1984 1916 2015 patri
1933 1992 1962 2008 ac

112 2025 215 2048 domino
234 2024 405 2057 I[nnocentio]
429 2030 585 2049 sacrosancte
604 2026 723 2049 Romane
747 2026 814 2049 sedis
839 2033 937 2049 summo
962 2026 1075 2057 pontifici
1099 2026 1259 2058 A[dolphus]
1278 2027 1327 2050 Dei
1345 2028 1423 2058 gratia
1441 2031 1526 2050 sancte
1545 2025 1710 2058 Coloniffeusis
1729 2026 1832 2051 ecclesie
1848 2027 1961 2051 minister

112 2067 221 2096 humilis,
248 2068 367 2092 deuotum
392 2068 540 2100 obsequium
567 2072 592 2092 et
616 2068 740 2092 orationes
765 2069 790 2091 in
810 2069 929 2092 Domino.
966 2069 1029 2092 Post
1047 2070 1144 2092 obitum
1165 2070 1269 2093 Henrici
1285 2069 1288 2101 Ι
1304 2069 1461 2101 imperatoris
1480 2077 1525 2093 nos
1543 2077 1592 2093 una
1611 2076 1666 2092 cum
1685 2069 1740 2093 aliis
1758 2070 1911 2101 pn‘ncipibus
1929 2070 1961 2093 de

113 2110 289 2134 substituendo
314 2119 370 2142 rege
393 2112 478 2143 sepius
504 2115 645 2139 tractantes,
670 2112 731 2143 quid
755 2115 839 2135 sancte
854 2111 862 2141 ΙΙ
877 2112 996 2135 Romane
1020 2112 1122 2136 ecclesie
1145 2112 1274 2143 expediret
1300 2112 1457 2143 subditisque
1478 2112 1584 2143 imperii,
1607 2112 1715 2143 qualiter
1732 2120 1833 2144 quoque
1850 2112 1960 2144 priorum

111 2153 287 2185 imperatorum
312 2155 486 2185 oppressiones
503 2156 506 2182 Ι
523 2155 617 2177 61111316
636 2162 775 2185 possemus,
799 2154 905 2178 sollicite
926 2154 1126 2178 deliberauimus.
1163 2155 1341 2178 Protendimus
1359 2155 1434 2185 igitur
1451 2155 1548 2178 animos
1567 2158 1665 2178 nostros
1682 2155 1714 2178 ad
1733 2155 1846 2178 diuersos
1863 2155 1960 2186 imperii

112 2196 251 2228 prinicipes‚
276 2201 309 2226 et,
333 2197 396 2220 sicut
415 2197 526 2220 Domino
547 2197 647 2228 placuit,
673 2197 858 2220 serenissimum
877 2197 1007 2220 dominum
1026 2197 1147 2221 Ottonem
1167 2198 1272 2221 Henrici
1290 2198 1359 2221 ducis
1378 2198 1487 2221 Saxonie
1506 2197 1585 2221 filium
1603 2196 1606 2229 Ι
1639 2198 1665 2221 111
1684 2198 1858 2221 Romanorum
1878 2206 1959 2230 regem

112 2239 290 2263 rationabiliter
308 2239 436 2271 elegimus.
467 2240 634 2263 Postmodum
654 2247 712 2263 vero
731 2240 755 2263 111
774 2244 934 2271 augustorum
953 2240 1013 2264 sede
1029 2240 1191 2273 Aquislgrani
1209 2240 1354 2269 locauimus,
1373 2245 1406 2268 et,
1424 2241 1486 2264 sicut
1505 2241 1646 2269 debuimus,
1665 2248 1693 2264 ea
1705 2248 1754 2272 qua
1767 2241 1849 2264 decuit
1861 2240 1960 2264 sollem-

112 2282 207 2313 pnitate
231 2283 430 2306 consecrauimus
453 2290 482 2306 ac
503 2281 702 2315 coronassuimus.
738 2283 796 2314 Ipse
815 2290 874 2306 uero
893 2283 1009 2307 dominus
1028 2291 1070 2306 rex
1089 2284 1114 2306 in
1133 2284 1222 2307 timore
1241 2284 1290 2306 Dei
1309 2288 1334 2307 et
1351 2283 1490 2307 reuerentia
1508 2287 1593 2306 sancte
1611 2283 1714 2307 ecclesie
1732 2284 1816 2307 omnia
1835 2284 1887 2307 iura
1906 2284 1960 2307 Ro-

112 2332 184 2348 mane
214 2325 316 2349 66616516
332 2325 336 2358 Ι
353 2326 506 2357 aliarumque
530 2325 689 2349 ecclesiarum
715 2325 780 2348 bona
805 2325 856 2349 fide
881 2333 1026 2349 conseruare
1044 2335 1072 2350 ac
1090 2330 1250 2350 manutenere
1270 2327 1368 2355 iurauit,
1393 2327 1465 2350 nobis
1484 2327 1558 2349 etiam
1577 2326 1681 2357 aliisque
1699 2327 1822 2358 episcopis
1839 2325 1842 2358 Ι
1858 2334 1959 2358 prauam

112 2368 179 2391 illam
193 2368 398 2392 consuetudinem
412 2368 516 2392 aliorum
530 2369 716 2400 imperatorum,
730 2369 772 2400 qui
785 2369 963 2392 decedentibus
977 2369 1099 2401 episcopis
1113 2374 1137 2393 et
1151 2369 1284 2393 abbatibus
1297 2368 1458 2401 principilbus
1471 2370 1494 2392 in
1505 2369 1640 2393 mobilibus
1650 2369 1724 2392 rebus
1733 2376 1760 2393 se
1773 2376 1849 2400 seque
1859 2377 1961 2393 mouen—

114 2411 187 2439 tibus,
211 2411 386 2440 succedebant,
413 2411 546 2435 liberaliter
569 2412 669 2434 remisit.
712 2412 892 2435 Patemitatem
913 2411 916 2443 Ι
937 2412 1011 2443 igitur
1033 2416 1142 2436 uestram
1165 2415 1260 2436 attente
1285 2420 1407 2443 rogamus,
1432 2412 1548 2444 quatinus
1573 2412 1719 2435 rationabile
1737 2411 1829 2435 factum
1849 2416 1960 2436 nostrum

113 2453 267 2485 aliorumque
291 2454 439 2485 principum,
458 2454 467 2485 ΙΙ
486 2454 529 2485 qui
553 2454 584 2478 de
609 2454 661 2478 iure
685 2454 774 2485 eligere
799 2454 900 2482 debent,
919 2455 1086 2482 attendentes,
1112 2456 1198 2478 mer-ita
1224 2462 1324 2486 quoque
1348 2455 1444 2479 domini
1469 2455 1546 2478 nostri
1571 2455 1635 2486 regis
1659 2454 1735 2486 patris
1759 2462 1787 2478 ac
1806 2454 1887 2478 fratris
1903 2454 1907 2486 Ι
1922 2454 1961 2478 sui

113 2495 224 2527 palatini,
242 2496 305 2527 regis
324 2504 425 2528 quoque
441 2497 533 2527 Anglie
551 2497 667 2520 auunculi
684 2497 730 2525 sui,
749 2497 792 2528 qui
810 2505 824 2520 a
842 2497 946 2521 seruitio
963 2502 988 2521 et
1006 2498 1103 2521 unitate
1121 2497 1225 2521 ecclesie
1243 2505 1370 2529 nunquam
1388 2497 1391 2529 Ι
1407 2497 1514 2529 separati
1533 2497 1639 2526 fuerunt,
1657 2497 1842 2521 considerantes
1860 2497 1961 2520 iniurias

113 2546 214 2569 quoque
232 2539 301 2562 ducis
320 2539 411 2563 Sueuie
429 2540 506 2570 patris
523 2547 552 2563 ac
570 2539 651 2563 fratris
670 2540 730 2567 eius,
749 2547 800 2563 non
818 2538 1012 2571 dislsimulantes
1033 2548 1135 2571 magnos
1155 2545 1177 2564 et
1198 2540 1357 2564 honorabiles
1374 2540 1450 2568 uiros,
1469 2548 1532 2572 quos
1550 2540 1602 2571 ipse
1615 2548 1643 2563 ac
1655 2539 1778 2571 principes
1790 2540 1822 2562 de
1835 2540 1961 2563 communi

112 2581 216 2604 consilio
234 2582 266 2604 ad
282 2581 285 2613 Ι
303 2582 379 2612 pedes
397 2582 535 2605 sanctitatis
553 2587 635 2606 uestre
657 2582 836 2611 transmittunt,
856 2583 962 2613 benigne
980 2583 1103 2614 recipiatis
1121 2591 1150 2606 ac
1167 2583 1298 2614 benignius
1312 2583 1452 2611 remittatis,
1472 2588 1497 2606 et
1512 2582 1701 2615 rasstionabilem
1713 2582 1790 2614 ipsius
1804 2582 1960 2611 electionem,

113 2624 323 2647 consecrationem
348 2632 376 2648 ac
399 2626 585 2648 coronationem
610 2625 773 2653 confirmetis,
798 2629 823 2648 et
841 2625 872 2648 ad
897 2625 995 2657 imperii
1020 2625 1241 2657 conlsecrationem
1264 2626 1367 2654 nocetis,
1392 2630 1491 2649 nostros
1516 2633 1616 2657 quoque
1641 2625 1796 2649 aduersarios
1815 2628 1840 2648 et
1858 2625 1961 2648 ecclesie

113 2673 127 2688 a
146 2666 268 2690 fidelitate
286 2666 343 2690 duci
361 2667 468 2690 Sueuiae
486 2667 589 2699 prestita
606 2671 609 2698 Ι
626 2667 762 2691 absoluatis
781 2673 805 2691 et
823 2672 909 2691 nostro
921 2668 972 2699 regi
985 2668 1086 2692 obedire
1099 2668 1264 2692 ecclesiastica
1276 2675 1380 2692 censura
1392 2667 1555 2700 compellatis.
1586 2668 1642 2692 Nos
1655 2668 1730 2692 etiam
1743 2676 1788 2699 pro
1800 2667 1960 2699 patrimolnio

113 2708 215 2732 ecclesie
234 2710 353 2733 Romane
371 2710 522 2734 dimittendo
547 2709 593 2734 hac
613 2710 783 2734 conservando
807 2718 852 2741 pro
876 2710 932 2742 ipso
954 2711 1058 2735 domino
1082 2718 1139 2742 rege
1163 2711 1317 2742 spondemus
1341 2715 1416 2742 atque
1433 2710 1436 2743 Ι
1453 2711 1629 2734 fideiubemus.
1651 2724 1684 2728 —
1702 2710 1797 2734 Littere
1819 2710 1959 2742 principum

113 2755 139 2774 et
160 2751 281 2775 baronum
300 2752 452 2776 Alamannie
472 2752 617 2776 clericomm
636 2758 661 2777 et
678 2753 804 2777 laicorum.
819 2754 828 2784 ΙΙ
841 2754 1006 2778 Sanctissimo
1023 2754 1087 2785 patri
1105 2762 1134 2778 ac
1151 2754 1256 2777 domino
1274 2752 1446 2786 I[nnocentio]
1465 2757 1620 2777 sacrosancte
1638 2753 1758 2777 Romane
1775 2753 1841 2776 sedis
1859 2759 1959 2776 summo

114 2794 236 2824 pontifici,
255 2795 378 2826 principes
397 2799 422 2819 et
440 2795 546 2819 barones
563 2795 566 2827 Ι
582 2795 733 2819 Alamannie
751 2796 831 2820 clerici
851 2800 875 2820 et
893 2796 957 2825 laici,
976 2796 1086 2821 debitam
1105 2797 1130 2820 in
1150 2796 1250 2821 Christo
1269 2796 1432 2820 reuerentiam
1451 2800 1476 2820 et
1494 2796 1660 2820 sinceritatem
1679 2795 1801 2827 obsequii.
1833 2795 1897 2819 Cum
1913 2813 1918 2818 .
1933 2814 1938 2819 .
1953 2814 1958 2819 .
