2151 3261
994 241 1243 270 -XX1-

204 336 287 359 XVII
297 336 389 359 mensis
398 341 446 359 oct.
458 335 587 359 consulatu
596 335 746 366 Lampadii).
757 334 770 366 ΙΙ
782 334 857 358 DLIJ
870 334 923 357 1111
933 341 979 365 pro
987 341 1008 356 c.
1018 333 1045 365 [l.
1055 337 1113 364 post
1121 332 1200 364 cons]
1212 333 1344 363 Lampadii
1353 337 1378 356 et
1388 333 1492 356 Orestis.
1512 333 1608 364 Corpus
1617 332 1695 356 saneti
1704 332 1810 356 Antonii
1820 332 1933 356 monachi
1943 332 1970 363 13
1979 333 2035 356 Deo
2051 341 2075 354 20

203 378 338 402 revelatum
347 378 526 401 Alexandriam
538 376 542 410 Ι
554 377 676 401 deffertur
688 381 712 400 et
724 377 750 400 in
764 376 864 406 ecclesia
875 376 943 399 beati
954 375 1073 399 Iohannis
1086 375 1208 399 babtistae
1220 375 1343 398 humatur.
1356 374 1358 406 Ι
1371 375 1467 398 DLIII.
1483 375 1507 398 V
1519 375 1613 398 Iterum
1626 382 1671 406 pro
1683 382 1750 398 cons.
1761 374 1893 406 Lampadii
1905 379 1930 398 et
1940 375 2035 399 Orestis

204 421 249 443 viri
261 420 389 444 clarissimi
401 420 522 443 consules.
533 418 538 451 Ι
548 420 686 443 Μο1001ἰο5
698 427 762 450 papa
774 419 825 442 LV
833 419 904 442 301115
916 418 1023 442 duobus.
1042 418 1100 446 (His
1112 417 1254 441 consulibus
1264 417 1406 440 Bonifatius
1417 425 1482 448 papa
1494 417 1556 440 obiit
1569 417 1652 440 XVH
1667 417 1707 440 die
1719 417 1811 440 mensis
1825 421 1872 440 oct.
1897 417 2035 440 Mercurius

203 463 245 494 qui
265 467 289 486 et
301 462 425 486 Iohannes
443 470 508 493 papa
527 462 589 485 obiit
598 462 638 485 VI
650 461 699 484 kal.
715 461 784 484 iunni
795 469 820 492 p.
833 468 854 484 c.
866 461 955 484 iterum
968 460 1116 491 Lampadii.)
1133 459 1137 492 Ι
1153 461 1291 491 Hucusque
1305 459 1379 483 ciclus
1392 467 1495 490 magnus
1507 459 1610 490 paecalis
1623 460 1814 490 quingentorum
1827 459 1917 482 XXX
1929 459 2035 482 duomm

203 512 323 528 annorum
347 505 510 535 protenditur,
536 505 561 527 in
585 504 652 527 cuius
671 511 737 527 anno
755 503 825 526 XIII
837 502 847 533 ΙΙ
860 503 975 526 dominus
994 506 1078 525 noster
1096 502 1165 526 Iaeus
1184 501 1296 526 Christus
1314 509 1401 533 passus
1414 502 1482 525 VH]
1500 502 1540 525 die
1558 501 1606 524 kal.
1624 501 1716 532 aprilis,
1735 500 1891 532 luna·XV·{
1902 506 1978 532 atque
1996 501 2035 524 VI
2049 506 2075 524 25

203 547 251 570 kal.
270 547 350 578 April.
370 547 427 570 luna
445 547 529 570 XVI]
546 554 560 569 3
578 546 682 569 mortuis
700 545 844 569 ressurrexit
859 545 863 576 Ι
878 553 944 568 3000
962 545 1060 568 XVIII
1079 545 1177 576 imperii
1194 544 1290 568 Tiberii
1307 544 1405 567 Cesaris
1422 545 1490 567 iuxta
1507 543 1635 567 historiam
1653 543 1783 574 euangelii.

357 637 421 669 24.
456 632 546 659 Palat.
570 630 618 667 65,
650 631 720 658 olim
743 631 913 658 monasterii
936 630 963 658 S.
987 630 1100 657 Mariae
1125 630 1163 657 de
1187 630 1288 666 Cupro
1312 629 1566 666 (Coupar—Angus
1590 630 1619 657 in
1643 629 1763 662 8001131,
1793 638 1884 657 1113110
1906 629 2035 657 Scottica

203 684 322 711 saeculo
352 680 510 722 XIIJXIII
543 687 688 715 exaratus,
719 682 777 709 iam
801 681 920 709 saeculo
944 681 1023 708 XIII
1059 680 1096 717 (v.
1121 681 1138 708 f.
1167 680 1194 717 1)
1226 681 1254 707 in
1278 680 1426 708 coenobio
1449 680 1476 708 S.
1500 679 1614 708 Mariae
1636 681 1675 707 de
1699 680 1800 716 Cupro
1823 680 2036 707 adservabatur

205 739 234 762 et
257 735 382 762 fortasse
404 734 517 761 ibidem
541 733 723 769 conscriptus
746 737 797 760 est.
886 731 993 768 317><
1006 739 1068 767 320
1091 740 1169 764 mm,
1194 732 1223 758 ff.
1250 738 1319 758 201.
1339 747 1373 750 —
1394 731 1535 759 Continet
1558 730 1732 759 Psalterium
1756 740 1823 758 cum
1838 730 1941 767 glossis
1958 730 2036 758 Petri

205 784 374 812 Lombardi.
398 801 438 805 —
462 783 555 819 Quod
579 783 754 810 exhibemus
777 783 825 810 fol.
852 786 904 819 75ν
935 783 1057 819 praebet
1086 782 1215 819 glossam
1239 782 1269 808 in
1294 781 1400 809 Psalm.
1423 781 1527 809 LVIII
1559 781 1596 818 (v.
1621 781 1741 814 ΜΙΘΝΕ,
1766 781 1821 808 ΡΡ.
1846 781 1903 809 LL.
1927 781 2035 814 CXCI,

203 843 259 871 541
273 835 316 871 s.).
340 851 380 854 ——
403 834 448 862 Cf.
480 834 676 869 BAxmerR,
708 833 819 871 Pagine
849 834 938 861 scelte
969 833 999 860 di
1031 833 1090 860 due
1123 832 1218 860 codici
1241 832 1271 859 in
1295 832 1423 860 Codices
1447 841 1463 859 e
1487 832 1637 860 Vaticanis
1660 832 1768 860 selecti.
1813 832 1908 860 Series
1931 832 2035 859 minor.

205 884 329 919 Romae,
361 885 391 913 ΙΙ
415 884 532 922 (1910),
563 885 614 912 ubi
644 884 797 921 complura
826 884 920 912 habes
943 884 1080 911 eiusdem
1105 883 1216 911 codicis
1238 883 1418 920 specimina:
1445 884 1534 916 idem,
1558 883 1634 911 Irish
1659 883 1786 911 Psalters
1810 883 1840 910 in
1860 883 1983 920 Journal
2006 883 2037 910 01

204 936 381 973 theologica}
398 936 516 964 Studies
535 935 598 963 XII
623 934 739 972 (1911),
764 935 947 970 280—284;
971 935 1062 969 idem,
1085 934 1320 962 Abbreviations
1342 935 1371 961 in
1395 943 1448 962 ms.
1471 934 1566 961 Vatic.
1583 933 1673 961 Palat.
1697 933 1745 961 lat.
1762 932 1800 969 65
1825 933 1856 960 in
1871 933 2039 961 Zeitschrift

201 987 219 1014 f.
243 987 384 1014 keltische
407 986 570 1023 Philologie
592 986 671 1014 VIII
694 988 764 1023 (191
775 986 812 1023 Ι),
838 985 1011 1022 246—259.
1118 990 1143 1025 ἿΙ
1161 992 1220 1016 Saul
1241 1000 1361 1023 quaerens
1384 992 1524 1015 interficere
1541 992 1633 1020 David,
1658 992 1726 1015 misit
1749 991 1867 1014 satellites
1887 1009 1892 1013 .
1913 1009 1917 1014 .
1938 1010 1942 1014 .
1963 991 2038 1022 Quod

204 1044 259 1060 cum
278 1037 424 1068 praescisset
440 1044 503 1060 uxor
519 1044 564 1059 sua
582 1035 686 1064 Michol,
705 1036 757 1059 filia
775 1035 835 1059 Saul
852 1039 925 1059 nocte
943 1035 1069 1067 deposuit]
1089 1043 1146 1059 eum
1164 1042 1209 1066 per
1226 1035 1370 1061 fenestram;
1396 1039 1421 1058 et
1438 1035 1473 1058 510
1492 1035 1578 1058 evasit.
1614 1034 1682 1057 Huic
1699 1033 1802 1057 historie
1819 1033 1907 1057 alludit
1923 1032 1926 1065 Ι
1944 1033 2038 1061 titulus,

203 1079 234 1103 de
252 1087 301 1110 qua
326 1083 409 1102 tamen
431 1086 482 1102 non
505 1079 557 1109 agit
580 1078 698 1109 psalmus,
722 1078 766 1101 sed
790 1078 821 1101 de
846 1078 992 1108 significato.
1029 1077 1114 1101 Dauid
1137 1078 1204 1100 enim
1219 1076 1224 1109 Ι
1240 1076 1366 1100 Christum
1386 1077 1511 1108 significat
1529 1077 1618 1100 domus
1637 1076 1690 1099 eius
1708 1076 1848 1107 sepulcrum
1867 1075 1960 1099 Christi
1978 1075 2038 1099 Saul

201 1129 302 1152 regnum
322 1121 473 1153 Iuldeomm‚
492 1122 536 1152 qui
553 1121 673 1144 miserunt
690 1121 814 1145 costodire
832 1121 985 1152 sepulcrum:
1011 1121 1056 1143 sed
1073 1128 1124 1144 non
1137 1120 1146 1150 ΙΙ
1159 1119 1259 1142 videtur
1276 1120 1416 1147 convenire,
1435 1119 1503 1150 quod
1521 1119 1618 1145 dicitur,
1637 1118 1738 1146 scilicet,
1757 1122 1785 1141 ut
1802 1118 1926 1141 interficet
1945 1125 2010 1141 eum.
2032 1145 2034 1147 ¹
2066 1123 2076 1141 5

201 1164 255 1187 Iam
278 1163 366 1195 utique
383 1164 527 1187 interfectus
546 1164 626 1186 fuerat
643 1163 744 1194 quando
763 1163 890 1186 miserunt.
927 1163 1071 1193 Querebant
1087 1166 1171 1186 autem
1187 1161 1191 1195 Ι
1207 1170 1264 1185 eum
1282 1163 1422 1186 interficere
1439 1169 1489 1186 0011
1508 1161 1675 1192 corporaliter,
1698 1161 1742 1183 sed
1760 1160 1927 1191 spiritualiter,
1945 1159 2035 1190 idest,1

200 1213 291 1229 nomen
315 1210 340 1229 et
363 1206 455 1229 famam
481 1206 614 1236 extingere,
638 1213 669 1229 ne
694 1205 834 1229 crederetur
856 1206 881 1228 in
904 1213 974 1232 eum;
999 1205 1067 1236 quod
1091 1209 1174 1228 tamen
1189 1205 1193 1235 Ι
1209 1205 1310 1228 efficere
1335 1212 1384 1228 non
1402 1204 1539 1228 valuerunt.
1577 1203 1647 1226 Vivit
1665 1203 1730 1226 enim
1750 1210 1792 1226 rex
1810 1210 1884 1233 super
1900 1202 1993 1225 Iudeos
2012 1207 2037 1224 et

199 1246 312 1279 genistes.
348 1249 406 1272 I-Ioc
424 1253 449 1271 et
467 1248 573 1279 Spiritus
591 1248 696 1271 Sanctus
719 1255 763 1279 per
787 1247 934 1279 prophetam
957 1247 1063 1279 predicit
1084 1247 1132 1270 1110.
1169 1247 1203 1270 Et
1227 1252 1265 1270 est
1286 1254 1385 1270 sensus:
1410 1247 1524 1270 Psalmus
1543 1246 1590 1269 iste
1605 1247 1608 1277 Ι
1625 1245 1730 1272 tendens
1752 1246 1778 1268 in
1797 1247 1883 1273 finem,
1901 1246 1927 1269 id
1945 1250 1992 1275 est,
2010 1246 2037 1268 in
2053 1249 2075 1262 1⁰

201 1290 335 1318 Christum.
353 1290 401 1314 hoc
418 1291 469 1321 agit
487 1298 518 1314 00
537 1295 563 1314 tu
575 1290 657 1314 Pilate
673 1291 676 1321 Ι
692 1290 730 1313 vel
751 1291 828 1314 Iudee
847 1298 988 1321 corrumpas
1007 1290 1046 1313 vel
1064 1290 1193 1321 disperdas
1209 1290 1295 1313 Dauid
1313 1290 1338 1313 in
1358 1290 1422 1313 tituli
1440 1290 1616 1321 inscrilptione.
1648 1292 1705 1315 Hoc
1723 1291 1789 1314 idem
1808 1298 1882 1321 supra
1899 1289 1995 1313 dixerat
2013 1288 2038 1310 10

201 1333 278 1356 titulis
296 1333 349 1356 alis.
385 1333 489 1356 Frustra
504 1333 507 1363 Ι
524 1340 582 1356 vero
606 1337 711 1364 temptat
735 1333 824 1364 aliquis
848 1332 998 1364 disperdere,
1023 1332 1091 1363 quod
1115 1333 1206 1356 totiens
1229 1333 1312 1356 divina
1333 1331 1466 1365 prollhibet
1488 1334 1627 1357 auctoritas.
1663 1334 1728 1358 Cum
1747 1338 1829 1356 autem
1848 1332 1944 1356 Pilatus
1962 1331 2038 1354 dixit:
2054 1334 2076 1353 ¹5

200 1375 276 1406 Quod
296 1376 385 1406 scripsi
402 1374 497 1407 scrilpsi
515 1375 645 1406 impletum
664 1380 702 1398 est
719 1375 788 1406 quod
806 1374 846 1398 hic
863 1375 960 1402 dicitur.
979 1375 1072 1398 scilicet
1090 1382 1122 1398 ne
1140 1382 1282 1406 corrumpas
1301 1375 1386 1398 Dauid
1403 1376 1428 1398 in
1448 1375 1512 1398 tituli
1529 1374 1532 1407 Ι
1548 1376 1714 1407 inscriptione.
1745 1376 1805 1399 Non
1825 1375 1882 1398 ideo
1896 1382 2038 1407 corrumpas

200 1417 332 1448 ·Quando‘,
355 1418 381 1440 id
399 1422 444 1445 est,
468 1418 525 1448 quia
543 1418 619 1441 ‘misit
637 1417 713 1445 Saul',
738 1418 764 1441 id
781 1422 827 1445 est,
852 1416 962 1449 1οΙἕοοω
982 1417 1128 1445 Iudeorum;
1155 1420 1187 1440 ‘et
1205 1417 1340 1441 custodiuit
1362 1418 1464 1441 domum
1489 1419 1559 1446 eius',
1581 1418 1608 1442 id
1625 1423 1671 1446 est,
1690 1418 1829 1450 sepulcrum
1848 1417 1953 1445 Christi;
1977 1421 2013 1441 ‘ut
2034 1416 2036 1443 ἷ

199 1459 375 1492 interficer[e]t
387 1461 462 1487 eum’,
481 1460 506 1483 id
524 1464 570 1488 est,
591 1467 682 1483 nomen
700 1465 725 1484 et
744 1460 836 1483 famam
855 1460 906 1483 eius
925 1459 1030 1488 tolleret,
1049 1467 1080 1482 ne
1098 1458 1255 1491 crederentur
1273 1461 1298 1483 in
1318 1467 1384 1488 eum,
1402 1468 1416 1483 3
1435 1461 1526 1492 quibus
1547 1461 1672 1484 frustratis
1689 1460 1730 1484 hic
1744 1461 1862 1484 liberatus
1874 1461 2014 1484 ostenditur
2034 1470 2037 1491 i
2053 1465 2077 1478 20

200 1506 224 1525 et
236 1502 330 1525 famam
342 1501 434 1525 habere
452 1503 477 1525 in
495 1503 611 1526 omnibus
629 1503 753 1534 gentibus
783 1503 817 1526 Et
835 1502 947 1534 loquitur
964 1502 1004 1526 hic
1021 1502 1110 1533 intiger
1126 1502 1129 1533 Ι
1146 1502 1267 1529 Christus,
1286 1501 1379 1525 scilicet
1396 1508 1471 1534 caput
1489 1508 1513 1527 et
1531 1510 1627 1534 eor-pus.
1658 1503 1800 1526 Intentione
1817 1508 1904 1526 monet
1922 1508 1949 1526 ut
1965 1510 2038 1526 nemo

199 1544 299 1568 Christo
316 1542 484 1576 conltradimt.
514 1544 621 1568 Modus:
641 1545 776 1576 tripartitus
795 1549 832 1568 est
849 1545 971 1568 Psalmus.
1002 1545 1087 1567 Pn'mo
1105 1550 1159 1568 orat
1178 1544 1275 1568 liberari
1291 1545 1294 1575 J
1310 1545 1468 1568 ascendendo
1485 1545 1517 1568 ab
1535 1546 1592 1569 imis
1609 1545 1641 1568 ad
1659 1545 1715 1573 3113,
1733 1550 1787 1568 orat
1805 1545 1879 1568 etiarn
1898 1553 1943 1576 pro
1960 1544 2039 1568 salute

198 1587 317 1618 gentium.
331 1586 341 1618 ΙΙ
353 1587 469 1611 Secundo
486 1587 596 1610 affirmat
615 1587 719 1611 salutem
738 1588 857 1618 gentium,
882 1592 907 1610 et
924 1593 979 1611 orat
997 1588 1101 1611 salutem
1120 1587 1255 1610 Iudeorum
1271 1586 1275 1618 Ι
1291 1587 1325 1610 ibi
1350 1590 1532 1610 ‘convertentur
1555 1587 1587 1611 ad
1610 1588 1755 1619 vesperam’.
1791 1588 1878 1611 Tertio
1899 1587 2039 1610 affirmatur
2053 1593 2077 1611 ²5

201 1629 280 1661 {salus
298 1629 431 1653 Iudeorum
451 1634 476 1653 et
493 1635 600 1661 utroque
623 1630 718 1661 pariete
740 1630 844 1653 collecto
866 1634 946 1661 grates
967 1629 971 1660 Ι
993 1634 1099 1661 aguntur
1121 1630 1156 1653 ibi
1181 1631 1378 1653 ‘convertentur'.
1419 1630 1500 1653 Totus
1522 1630 1606 1661 itaque
1625 1629 1738 1654 Christus
1762 1630 1833 1661 quasi
1855 1630 1886 1653 ab
1909 1629 1912 1661 Ι
1932 1629 2037 1652 1011111015

199 1672 315 1695 obsessus
337 1671 427 1695 clamat
449 1672 546 1696 dicens:
570 1672 656 1703 ‘Eripe
680 1679 720 1695 me
745 1672 776 1695 de
799 1672 914 1696 inimicis.
934 1672 943 1703 ΙΙ
961 1672 1038 1703 Eripe
1065 1680 1105 1696 100
1130 1672 1162 1695 de
1185 1672 1291 1695 inimicis
1318 1672 1380 1695 meis
1404 1672 1473 1695 Deus
1496 1670 1499 1702 Ι
1521 1679 1590 1695 meus
1615 1676 1640 1695 et
1663 1672 1694 1695 ab
1718 1671 1901 1702 insurgentibus
1922 1671 1926 1702 Ι
1948 1671 1974 1693 10
1997 1677 2038 1693 100
2052 1677 2076 1697 30

200 1714 278 1737 libera
295 1722 346 1738 me.
362 1714 366 1746 Ι
381 1715 458 1746 Eripe
475 1722 516 1738 me
534 1715 566 1738 de
583 1714 743 1746 operantibus
762 1714 927 1747 iniquijtatem
946 1719 972 1738 et
989 1715 1020 1738 de
1038 1715 1097 1738 uiris
1115 1715 1263 1746 sanguinum
1282 1715 1351 1739 salua
1369 1723 1416 1738 me.
1430 1715 1439 1746 ΙΙ
1453 1715 1518 1746 Quia
1536 1722 1592 1739 eoce
1609 1719 1728 1746 ceperunt
1745 1715 1853 1738 animam
1872 1721 1961 1737 meam.
2051 1720 2075 1739 35

352 1805 414 1838 25.
448 1801 626 1838 Seguntinus
649 1801 814 1839 (Siguenza,
846 1801 1056 1838 bybliothecae
1079 1800 1269 1838 Capitularis)
1307 1809 1371 1837 150,
1406 1802 1475 1829 olim
1501 1810 1536 1829 ex
1560 1801 1638 1829 libris
1662 1800 1789 1829 Garciae
1812 1801 1972 1828 Femando
1996 1800 2036 1837 (v.

200 1851 218 1878 f.
242 1850 315 1888 Ην),
338 1852 512 1879 membrana
534 1853 652 1880 duobus
675 1853 750 1880 foliis
773 1858 912 1880 constans
934 1852 1048 1889 antiqui
1071 1852 1189 1885 codicis,
1212 1852 1288 1880 binis
1311 1853 1456 1880 columnis
1478 1853 1596 1880 arabice
1619 1857 1649 1880 et
1670 1852 1760 1880 latine
1784 1852 1896 1888 (litteris
1918 1851 2036 1889 visigo-

200 1900 298 1939 thicis)
322 1902 441 1930 alternis
464 1903 583 1930 saeculo
606 1903 652 1931 IX
676 1904 794 1931 exarati.
884 1902 943 1939 367
957 1903 993 1941 ><
1007 1902 1064 1931 262
1090 1912 1168 1937 mm„
1192 1903 1295 1931 folium
1319 1903 1448 1937 unicum,
1473 1904 1627 1932 custodiae
1644 1904 1711 1931 loco
1728 1903 1823 1931 codici
1839 1903 1948 1930 saeculi
1961 1903 2036 1930 XIV

198 1953 375 1989 praefixum,
409 1954 542 1981 continet
571 1954 654 1991 epist.
683 1955 723 1982 ad
754 1954 819 1982 Gal.
851 1954 872 1988 Ι,
908 1962 1023 1990 1—15;
1055 1953 1114 1988 ΙΙΙ,
1145 1953 1257 1989 6—24.
1285 1971 1320 1974 —
1347 1954 1447 1990 Quam
1478 1955 1654 1982 exhibemus
1688 1963 1755 1991 pars
1786 1954 1834 1982 fol.
1858 1954 1891 1981 II
1913 1954 2038 1990 praebet

201 2003 268 2031 Gal.
299 2003 356 2037 ΙΙΙ,
387 2003 498 2031 6-16.
525 2021 559 2024 -
586 2005 631 2033 Cf.
662 2005 712 2032 DF.
743 2005 1092 2038 BmeE-Tffismaxn
1130 2005 1200 2033 Une
1231 2006 1330 2033 feuille
1369 2006 1568 2034 arabo-latine
1609 2007 1636 2033 in
1672 2005 1775 2033 Rev-ue
1806 2005 1942 2041 Biblique
1975 2005 2037 2032 VII

200 2053 316 2092 (1910),
333 2062 509 2091 321—343,
533 2056 583 2083 ubi
599 2056 723 2083 alterum
740 2056 873 2084 eiusdem
890 2056 1000 2084 codicis
1016 2057 1167 2093 specimen
1184 2057 1332 2086 invenies:
1357 2056 1462 2090 LOEW‚
1487 2057 1591 2084 Studia
1608 2056 1855 2093 palaeographica
1870 2056 1886 2083 l.
1903 2065 1926 2084 c.
1943 2065 1970 2092 p.
1988 2055 2036 2083 61.

199 2101 224 2135 ῚῙ
244 2104 293 2132 ΠΙ,
312 2102 335 2127 6.
354 2104 424 2128 Sicut
441 2105 553 2128 Abraam
578 2105 684 2129 credidit
702 2106 758 2129 Deo
782 2111 807 2129 et
830 2110 971 2137 reputatum
996 2111 1034 2129 est
1058 2106 1080 2128 ei
1106 2106 1138 2129 ad
1154 2104 1158 2136 Ι
1173 2106 1301 2129 iustitiam.
1339 2112 1360 2135 7.
1381 2106 1536 2137 Cognoscitis
1560 2114 1627 2137 ergo,
1651 2107 1710 2137 quia
1731 2106 1774 2137 qui
1792 2114 1822 2129 ex
1841 2106 1892 2129 fide
1907 2104 1911 2137 Ι
1926 2111 1985 2129 sunt
2001 2105 2037 2128 hii

199 2150 257 2169 sunt
275 2146 321 2169 filii
339 2146 430 2169 Abrae.
461 2146 484 2170 8.
496 2147 630 2171 Profidens
647 2152 730 2171 autem
749 2148 876 2180 scripjtura
895 2149 953 2179 quia
971 2155 1001 2171 ex
1020 2149 1071 2172 fide
1088 2148 1208 2171 iustifioet
1225 2153 1310 2179 gentes
1324 2149 1394 2172 Deus
1412 2147 1599 2180 prellnuntiabit
1612 2149 1722 2176 Habrae,
1740 2149 1798 2179 quia
1816 2148 1993 2172 benedicentur
2010 2148 2036 2171 in
2065 2158 2076 2176 5

201 2192 226 2211 te
241 2186 245 2219 Ι
260 2196 346 2212 omnes
359 2193 453 2219 gentes.
487 2196 510 2219 9.
522 2190 601 2220 Igitur
614 2191 658 2222 qui
670 2198 700 2213 ex
713 2191 764 2214 fide
776 2195 842 2219 sunt,
854 2191 1033 2214 benedicentur
1045 2198 1100 2214 curn
1112 2189 1116 2223 Ι
1127 2190 1197 2214 fideli
1206 2191 1326 2214 Abraam.
1361 2197 1397 2214 10.
1411 2191 1590 2222 Quiquumque
1602 2191 1669 2214 enim
1689 2199 1718 2214 ex
1737 2191 1852 2222 operibus
1871 2191 1932 2221 legis
1950 2194 2016 2218 sunt,
2033 2190 2036 2221 Ι

199 2230 245 2253 sub
263 2230 397 2254 maledieto
414 2236 480 2255 sunt.
515 2231 639 2263 Scriptum
659 2238 698 2256 est
715 2232 803 2264 enimi:
823 2233 974 2256 Maledictus
993 2233 1074 2256 omnis
1092 2234 1135 2264 qui
1153 2241 1203 2256 non
1221 2234 1384 2264 permanserit
1402 2234 1427 2256 in
1445 2234 1570 2261 omnibus,
1588 2241 1637 2264 que
1650 2233 1659 2265 ΙΙ
1672 2233 1762 2264 scripta
1780 2238 1838 2256 sunt
1855 2233 1881 2256 in
1899 2233 1964 2256 libro
1977 2232 2037 2263 legis
2053 2243 2076 2255 ιο

200 2276 228 2295 ut
240 2272 313 2296 faciat
331 2272 375 2305 03Ι.
410 2279 446 2297 11.
459 2274 584 2304 Quoniam
603 2279 686 2298 autem
706 2275 731 2298 in
750 2275 803 2306 lege
821 2283 896 2298 nemo
914 2275 1063 2298 iustificatur
1080 2280 1141 2306 aput
1156 2275 1160 2306 Ι
1175 2276 1267 2303 Deum,
1286 2275 1448 2299 manifestum
1467 2280 1512 2303 est,
1530 2276 1588 2306 quia
1606 2276 1684 2299 iustus
1703 2283 1733 2299 ex
1752 2275 1803 2299 fide
1820 2275 1891 2298 uibit.
1908 2275 1912 2306 Ι
1931 2281 1968 2298 12.
1983 2276 2037 2298 Lex

199 2320 282 2338 autern
309 2322 360 2338 non
383 2320 421 2339 est
444 2323 474 2339 ex
498 2316 558 2344 fide,
582 2317 627 2340 sed
651 2317 693 2348 qui
717 2317 803 2340 fecerit
827 2325 855 2340 ea
876 2318 946 2340 nibet
962 2317 966 2348 Ι
982 2317 1007 2340 10
1025 2317 1080 2341 illis.
1121 2323 1157 2347 13.
1176 2317 1288 2341 Christus
1307 2325 1352 2340 nos
1371 2318 1478 2341 redemit
1495 2318 1526 2341 de
1544 2318 1678 2342 maledicto
1695 2317 1764 2348 legis,
1778 2318 1787 2348 ΙΙ
1800 2318 1880 2341 factus
1900 2325 1945 2349 pro
1963 2318 2036 2341 nobis
2053 2328 2075 2346 ¹5

199 2356 354 2385 maledictus,
373 2358 430 2388 quia
449 2358 567 2389 script-um
586 2364 635 2382 est:
657 2359 659 2390 Ι
675 2359 824 2383 Maledictus
843 2367 924 2383 001105
942 2361 985 2390 qui
1004 2360 1124 2391 pependit
1147 2361 1173 2384 in
1192 2360 1292 2393 lig[n0]‚
1326 2367 1364 2391 14.
1382 2366 1410 2384 ut
1433 2361 1458 2384 in
1474 2360 1478 2392 Ι
1492 2361 1608 2392 gentibus
1629 2361 1770 2385 benedictio
1787 2361 1898 2384 Abraam
1922 2361 1993 2384 fieret
2011 2361 2035 2383 in

200 2398 301 2422 Christo
319 2400 384 2427 Iesu,
405 2404 433 2423 ut
449 2399 452 2431 Ι
468 2400 671 2431 pollicitationem
691 2402 796 2433 Spiritus
814 2402 963 2433 accipiamus
981 2410 1025 2433 per
1043 2403 1128 2426 fidem.
1168 2408 1204 2434 15.
1223 2403 1246 2426 F
1247 2407 1332 2431 ratres,
1348 2402 1352 2434 Ι
1367 2403 1504 2427 50011οἀ0111
1521 2403 1649 2427 hominem
1667 2404 1730 2429 dico,
1751 2408 1834 2426 tamen
1852 2402 1961 2426 hominis
1979 2411 2036 2426 con-

200 2440 343 2473 fir-malltum
363 2446 538 2466 testamentum
558 2450 632 2466 nemo
649 2444 744 2474 spernit
761 2449 804 2467 aut
822 2444 1010 2476 superffordinat.
1050 2445 1086 2468 16.
1105 2446 1190 2468 Abrae
1208 2445 1273 2468 dicte
1291 2450 1348 2469 sunt
1366 2446 1549 2477 promissiones.
2050 2454 2074 2467 20

353 2533 414 2566 26.
448 2537 550 2574 Regin.
587 2538 654 2573 708,
685 2539 755 2566 olim
780 2539 923 2567 Iohannis
954 2540 1117 2568 Bourdelot
1148 2540 1185 2577 (v.
1210 2540 1360 2573 DELISLE,
1394 2541 1522 2569 Cabinet
1552 2542 1605 2568 des
1636 2550 1704 2568 mss.
1738 2541 1760 2573 1,
1796 2548 1871 2575 321;
1907 2539 2037 2573 Onon,

200 2586 364 2624 Catalogue
387 2587 440 2615 des
474 2597 540 2616 mss.
576 2589 614 2616 de
645 2587 720 2617 Iean'
751 2594 780 2618 et
810 2590 909 2618 Pierre
939 2590 1103 2618 Bourdelot
1133 2591 1163 2618 in
1195 2591 1298 2619 Revue
1328 2591 1382 2619 des
1412 2589 1636 2628 Bibliotheques
1669 2591 1683 2619 I
1715 2590 1831 2628 (1894),
1863 2590 2030 2628 81—103).

201 2637 313 2670 Codici,
347 2646 437 2674 quem
468 2639 622 2675 complura
652 2640 783 2668 Aimoini
814 2640 1008 2669 Floriacensis
1042 2641 1227 2678 aliorumque
1259 2641 1296 2678 (ν.
1330 2641 1441 2670 Pmrz’
1466 2642 1576 2670 Archiv
1598 2642 1662 2670 XII
1686 2641 1801 2678 (1872),
1835 2641 1908 2677 304)
1939 2651 2031 2678 opera

199 2688 358 2724 complent,
382 2689 500 2716 saeculo
524 2689 603 2716 XIII
632 2690 731 2718 litteris
755 2690 889 2719 Gothicis
912 2693 1086 2729 conscripta,
1110 2698 1215 2729 postea
1239 2698 1379 2730 quattuor
1401 2693 1534 2730 praefixa
1557 2698 1625 2720 suut
1648 2693 1719 2720 folia
1733 2692 1853 2720 saeculo
1868 2692 1914 2719 XI
1931 2693 2030 2720 litteris

199 2738 386 2775 Visigothicis
417 2744 546 2773 exarata,
580 2750 658 2777 quae
688 2742 842 2770 continent
873 2742 1093 2771 Sententiarum
1124 2743 1151 2771 S.
1177 2743 1282 2772 Isidori
1313 2744 1485 2782 fragmenta.
1542 2743 1577 2771 In
1600 2744 1647 2771 fol.
1672 2747 1717 2779 3V,
1741 2743 1823 2780 quod
1847 2743 2031 2778 exhibemus,
