2151 3261
994 261 1273 288 -ΧΧῙΧ-

217 353 404 376 odoramentum
425 353 477 376 eius
495 357 520 376 et
539 352 633 376 trocisci
652 352 683 375 de
701 353 817 380 camfora,
835 352 861 375 in
880 352 970 384 quibus
985 351 989 383 Ι
1005 360 1055 375 non
1073 353 1174 383 ponitur
1191 352 1373 376 reubarbarum.
1392 366 1425 370 —-
1444 352 1489 375 De
1508 352 1598 375 febre
1622 352 1772 375 effimera
1791 359 1826 375 ex
1844 356 2049 383 apostemate

217 400 246 418 et
259 394 269 425 ΙΙ
281 395 385 426 signis
405 395 475 418 eius
494 399 522 418 et
540 402 626 418 cura.
639 402 660 418 c.
673 395 765 418 XIX.
780 409 812 412 ——
826 395 920 418 Febres
937 398 1069 425 sequentes
1087 398 1242 425 apostemata
1260 395 1376 418 interiora
1394 400 1451 418 sunt
1469 395 1567 426 putride
1580 399 1605 418 et
1617 394 1768 425 quandoque
1780 394 1915 418 associatur
1926 395 1949 417 ei
1961 394 2049 422 ethica,
2065 403 2089 416 ιο

216 442 241 460 et
264 445 314 460 non
337 441 395 460 sunt
410 437 414 467 1
430 437 461 460 de
479 444 582 460 numero
599 437 706 460 febrium
725 437 901 460 effimerarum.
936 438 1102 468 Apostemata
1125 444 1184 460 vero
1207 438 1351 468 apparentia
1368 437 1432 460 sicut
1447 437 1451 469 Ι
1466 436 1589 460 furunculi
1607 442 1633 460 et
1649 437 1751 463 exiture,
1775 444 1824 468 que
1842 437 1960 460 eueniunt
1978 437 2004 460 in
2021 444 2050 460 ea

216 485 241 502 et
265 480 362 510 proprie
387 483 541 510 apostemata
565 479 670 511 maglna,
697 486 745 510 que
772 479 837 502 fiunt
860 479 884 502 in
908 479 1018 502 menbris
1041 478 1218 510 gland[ul]0sis
1242 483 1267 502 et
1291 479 1316 501 in
1337 479 1459 506 carnibus,
1484 486 1532 510 que
1554 477 1730 510 nominanlltur
1746 478 1842 506 molles,
1860 479 1923 502 sicut
1941 479 1983 502 illa
2001 487 2049 510 qne
2066 487 2088 506 ¹5

217 522 308 545 fuerint
331 522 356 544 in
383 522 524 553 inguinibus
548 529 562 544 a
585 521 806 553 superfluitaltibus
830 522 908 552 epatis
932 526 957 544 et
981 521 1004 544 in
1029 521 1073 544 alis
1097 529 1111 544 a
1135 521 1348 552 superfluitatibus
1372 521 1461 548 cordis,
1485 525 1510 544 et
1527 521 1574 544 sub
1598 529 1656 544 aure
1673 529 1688 544 a
1708 520 1928 553 superlfluitatibus
1947 521 2049 549 cerebri,

215 564 366 595 quandoque
391 568 528 595 sequuntur
551 564 640 591 febres,
665 569 690 587 et
713 571 763 587 non
787 568 919 587 euacuatur
936 564 997 594 quin
1012 563 1016 593 Ι
1031 564 1064 586 sit
1080 563 1150 591 illud,
1169 564 1236 594 quod
1254 564 1368 594 peruenit
1386 571 1415 587 ex
1434 564 1469 586 eis
1488 563 1520 586 ad
1538 571 1588 591 cor,
1606 563 1686 587 donec
1704 563 1780 594 igniat
1798 564 1880 594 ipsum
1899 563 2028 587 calefactio
2044 563 2047 593 Ι

215 607 267 630 sola
285 612 327 630 aut
345 614 400 630 cum
418 606 556 637 putredine.
592 606 667 637 Quod
685 606 705 629 si
724 606 798 629 fuerit
816 605 944 629 calefactio
963 606 1016 629 sola
1034 610 1092 629 tunc
1105 605 1114 637 ΙΙ
1127 606 1172 629 erit
1190 606 1222 629 de
1239 613 1329 636 genere
1347 606 1453 629 febrium
1467 610 1650 637 apostematum
1663 606 1858 634 intrinsecorum,
1877 610 1901 629 et
1914 606 2046 637 plurimum
2063 614 2086 628 20

214 650 283 680 quod
305 649 395 672 accidit
411 648 414 680 Ι
430 649 461 672 de
487 649 540 672 istis
565 648 676 672 febribus
699 648 860 679 sequentibus
883 652 1038 679 apostemata
1061 655 1168 679 sequens
1190 655 1277 671 causas
1300 648 1438 679 primitiuas
1455 648 1458 677 Ι
1474 656 1504 671 ex
1528 648 1650 672 ulceribus
1675 653 1699 672 et
1724 648 1806 671 scabie
1830 653 1855 672 et
1879 649 2006 672 doloribus
2024 654 2049 672 et

214 692 412 722 percussionibus
435 696 460 714 et
483 691 588 718 msibus,
610 691 642 714 ad
661 691 727 721 quel
744 690 900 721 expelluntur
922 690 1025 714 materie
1043 694 1068 713 et
1086 690 1221 713 retinentur
1240 690 1264 713 in
1281 691 1328 713 uiis
1347 698 1430 714 earum
1449 691 1516 721 apud
1534 698 1618 714 ‹ni-nes
1636 690 1740 721 molileS,
1760 695 1798 714 est
1815 691 1848 714 de
1865 698 1954 722 genere
1973 691 2048 714 febris

213 734 333 757 effimere.
372 734 406 757 Et
432 733 565 764 plurimum
590 733 658 763 quod
684 732 773 756 accidit
796 733 828 755 de
852 732 905 756 istis
919 732 928 763 ΙΙ
941 732 1052 755 febribus
1076 733 1237 763 sequentibus
1262 737 1425 764 apostemata,
1454 741 1560 764 quorum
1584 740 1656 756 muse
1683 737 1740 756 sunt
1764 734 1939 757 antecedentes
1965 733 2045 765 sicut!
2063 741 2087 760 25

213 776 362 807 repletiones
385 780 411 799 et
435 775 582 806 opilationes
605 775 730 805 preterite,
753 779 792 798 est
815 775 956 805 putridum;
981 779 1006 798 et
1031 775 1111 798 febres
1136 775 1237 806 quidem
1254 774 1406 806 {sequentes
1427 783 1455 798 ea
1477 775 1610 806 plurimum
1635 780 1692 799 sunt
1711 776 1824 799 effimere
1842 781 1867 799 et
1884 776 1905 799 si
1923 783 1973 799 non
1992 782 2049 799 sunt

213 818 327 841 effimere
344 822 402 841 sunt
417 817 421 849 Ι
436 817 500 840 male
519 822 543 840 et
562 817 694 848 plurimum
713 816 814 847 quidem
833 816 920 840 harum
938 817 1051 848 sequitur
1075 822 1231 848 apostemata
1248 818 1382 848 sanguinea
1400 822 1425 841 et
1440 817 1444 848 Ι
1460 818 1610 848 quandoque
1631 818 1745 841 accidunt
1763 824 1895 849 sequentes
1913 818 2048 849 erisipilam

213 865 239 884 et
259 860 351 884 similia
374 860 404 883 ei.
423 873 455 877 ›-
474 860 578 890 Signa.
614 859 690 890 Signa
714 859 813 891 eallrum
839 864 897 882 sunt
924 866 960 887 ea,
987 867 1036 891 que
1054 860 1162 883 diximus
1181 860 1212 883 de
1230 860 1399 883 antecessione
1417 864 1601 891 apostematum
1620 865 1678 883 ante
1695 867 1745 888 eas,
1763 860 1766 889 Ι
1781 865 1806 883 et
1825 861 1899 884 facies
1917 865 1955 884 est
1974 861 2049 884 rubea
2063 867 2088 887 30

214 903 308 926 imssata
327 907 351 926 et
369 907 407 926 est
425 902 537 925 additum
556 903 581 925 in
599 910 627 925 ea
645 909 718 933 super
736 902 926 932 dispositionem
942 901 946 934 Ι
962 903 1083 929 sanitatis,
1102 907 1127 925 et
1142 910 1191 925 non
1204 906 1241 926 est
1253 902 1365 926 oeliditas
1377 902 1539 926 uehementer
1551 903 1700 930 mordicans,
1719 903 1833 933 quamuis
1847 903 1880 926 sit
1895 903 1899 933 Ι
1914 903 2049 926 multitudo

212 946 264 969 eius
291 945 315 968 in
342 945 417 976 ipsis,
438 944 613 976 quam[quam]
642 944 785 967 huiusmodi
808 950 963 975 apostemata
981 950 1039 968 sunt
1063 945 1206 976 sanguinea,
1230 945 1278 968 nisi
1301 945 1351 968 sint
1366 944 1369 975 Ι
1387 945 1467 968 febres
1486 949 1618 976 sequentes
1643 945 1784 976 erisipilam,
1810 949 1834 968 et
1858 945 1910 968 istis
1938 945 2050 969 febribus

211 987 320 1011 succedit
344 985 520 1019 humectalltio,
544 991 568 1010 et
592 992 630 1010 est
654 986 738 1018 pulsus
763 987 787 1010 in
812 988 847 1010 eis
869 995 972 1018 magnus
991 987 1063 1010 velox
1083 987 1206 1018 frequens,
1225 992 1326 1018 propter
1344 987 1506 1018 repletionem
1522 987 1525 1017 Ι
1542 991 1566 1010 et
1585 987 1745 1014 caliditatem,
1770 992 1795 1010 et
1812 992 1850 1011 est
1867 988 1938 1011 urina
1955 995 2048 1019 aquosa
2064 995 2087 1014 33

212 1030 268 1053 alba
291 1035 392 1062 propter
414 1037 511 1053 cursum
533 1030 691 1053 mater-lerum
707 1028 712 1060 Ι
727 1030 758 1053 ad
782 1035 937 1061 apostemata
956 1035 980 1053 et
998 1030 1086 1054 ulcera,
1106 1044 1139 1047 -
1158 1030 1247 1053 Cura.
1284 1030 1390 1061 Oportet
1414 1035 1441 1053 ut
1459 1031 1596 1053 antecessio
1615 1030 1660 1053 fiat
1678 1030 1702 1052 in
1721 1037 1750 1053 ea
1768 1037 1824 1053 curn
1841 1030 1844 1060 Ι
1860 1030 2007 1054 flebotomia
2025 1036 2049 1054 et

213 1072 282 1096 fluxu
299 1073 400 1100 ventris,
419 1077 444 1095 et
461 1077 559 1095 curetur
576 1077 705 1103 apostema
722 1079 778 1096 cum
796 1079 834 1100 eo,
853 1072 922 1103 quod
934 1076 1032 1103 oportet
1044 1073 1070 1095 in
1082 1072 1189 1103 capitulo
1205 1070 1209 1104 Ι
1224 1080 1277 1095 suo.
1310 1072 1343 1095 Et
1361 1072 1503 1096 subtilietur
1521 1073 1629 1103 regimen
1648 1077 1672 1095 et
1692 1080 1741 1095 non
1759 1072 1828 1096 bibat
1846 1073 1933 1096 uinum
1946 1073 2049 1096 omniuo

212 1120 236 1138 et
255 1123 304 1138 non
322 1115 418 1138 cibetur
430 1118 438 1143 f,
452 1115 499 1138 nisi
517 1119 574 1146 post
593 1114 784 1138 declinationem
803 1114 961 1146 completam.
991 1115 1025 1138 Et
1043 1115 1180 1138 necessaria
1198 1119 1255 1138 sunt
1274 1115 1297 1137 ei
1309 1115 1488 1146 extinffguentia
1500 1115 1677 1145 infrigidantia,
1696 1114 1866 1138 humectantia
1878 1119 1903 1138 et
1915 1115 2048 1146 emplastra
2063 1122 2088 1140 40

213 1157 362 1189 infrigidalta
379 1165 435 1181 cum
453 1158 511 1181 niue
528 1165 603 1189 super
619 1157 758 1180 membrum
778 1157 905 1180 infirmum
924 1162 1120 1188 apostemosum,
1145 1158 1178 1180 ita
1198 1162 1226 1180 ut
1248 1164 1297 1180 non
1314 1157 1316 1187 Ι
1333 1162 1438 1180 noceant
1460 1157 1610 1188 apostemati
1627 1164 1708 1188 neque
1727 1157 1819 1181 faciant
1837 1157 1918 1188 ipsum
1937 1158 2048 1185 crudum,

212 1201 290 1223 immo
307 1200 451 1231 infrigident
467 1198 471 1230 Ι
486 1200 552 1232 uiam
571 1200 635 1223 inter
651 1200 734 1230 ipsum
757 1204 781 1222 et
799 1207 841 1223 cor
856 1199 1040 1230 infrigidatione
1053 1204 1198 1230 penetrante
1211 1200 1235 1222 in
1249 1200 1424 1231 prollfundum.
1440 1213 1470 1217 --
1486 1200 1530 1223 De
1550 1200 1643 1223 febre
1663 1199 1818 1223 effimera
1836 1207 1871 1223 ex
1889 1200 2049 1231 spissitudine
2064 1207 2088 1226 45

212 1242 250 1266 vel
268 1242 391 1266 densitate
409 1249 526 1273 porosum
545 1246 569 1265 et
587 1242 663 1272 siguis
681 1242 733 1265 eius
752 1248 777 1265 et
795 1250 857 1265 cura.
875 1250 895 1265 c.
909 1242 976 1265 XX.
1008 1242 1064 1265 Hec
1082 1242 1157 1265 febris
1177 1243 1264 1265 iterum
1283 1243 1394 1273 sequitur
1410 1242 1584 1273 pri⁴uationem
1599 1242 1754 1266 resolutionis
1769 1247 1870 1274 propter
1883 1242 2050 1274 oppilationes

211 1293 262 1308 non
280 1285 416 1316 profundas
435 1289 460 1308 et
475 1283 479 1316 Ι
495 1285 577 1316 plures
595 1284 697 1315 quidem
719 1284 833 1308 homines
851 1292 907 1308 cum
926 1285 1056 1308 dimittunt
1074 1283 1302 1316 consuetud[i]nem
1321 1292 1390 1308 suam
1409 1285 1550 1316 balfneandi
1570 1285 1686 1312 febriunt,
1705 1290 1730 1308 et
1743 1285 1825 1316 plures
1838 1293 1922 1308 eorum
1935 1290 1993 1309 sunt
2007 1286 2050 1313 illi,

211 1329 235 1351 in
260 1335 365 1359 quorum
390 1327 534 1359 corporibus
547 1327 556 1358 ΙΙ
568 1331 698 1358 generatur
715 1335 794 1358 uapor
819 1327 937 1350 colericus
961 1332 1063 1358 propter
1085 1327 1281 1358 complexionem
1306 1335 1438 1358 corporum
1457 1335 1540 1350 eorum
1560 1332 1585 1350 et
1603 1327 1712 1350 ciborum
1731 1327 1733 1358 Ι
1750 1328 1859 1358 ipsorum
1884 1332 1909 1351 et
1929 1335 2048 1359 aquarum
2065 1336 2089 1355 50

211 1378 295 1394 eorum
314 1370 434 1394 malarum
453 1375 478 1393 et
497 1374 597 1401 propter
615 1369 791 1400 dispositiones
809 1377 896 1392 eorum
914 1370 1053 1393 accidentes
1071 1378 1101 1393 ex
1119 1370 1226 1400 uiggil'iis.
1246 1384 1277 1387 —
1297 1370 1386 1393 Cura.
1424 1370 1525 1393 Curatio
1550 1370 1602 1393 eius
1621 1375 1660 1393 est
1678 1371 1796 1394 extinctio
1815 1375 1839 1393 et
1857 1371 2049 1394 amministratio

212 1413 294 1437 balnei
310 1412 314 1445 Ι
329 1417 354 1437 et
372 1413 461 1436 sudare
480 1413 504 1435 in
523 1420 552 1435 eo
571 1417 627 1443 post
646 1411 837 1436 declinationem
858 1416 883 1435 et
902 1412 983 1435 fricari
1001 1419 1056 1435 cum
1075 1413 1110 1435 eis
1129 1420 1178 1443 que
1196 1418 1254 1436 sunt
1271 1412 1334 1436 sicut
1350 1412 1354 1442 Ι
1371 1413 1450 1435 furfur
1467 1417 1492 1435 et
1511 1413 1590 1435 farina
1608 1413 1720 1436 fabarum
1740 1418 1765 1436 et
1783 1413 1905 1443 amigdale
1923 1421 2006 1436 amare
2024 1419 2048 1437 et

210 1463 297 1479 semen
318 1454 442 1486 melollnis
472 1459 496 1478 et
523 1454 617 1485 aliquid
645 1455 676 1477 de
701 1454 805 1477 alusnen
832 1459 857 1478 et
884 1454 991 1478 baurach
1017 1459 1042 1478 et
1068 1455 1101 1478 sit
1125 1455 1194 1478 cibus
1222 1455 1274 1478 eius
1301 1456 1447 1486 extinguens
1474 1454 1619 1478 humectans
1646 1461 1670 1478 et
1697 1456 1782 1478 uinum
1809 1456 1862 1479 eius
1887 1456 1919 1479 sit
1943 1456 2048 1487 plurime
2062 1457 2111 1479 Col.
2126 1459 2148 1479 11

210 1498 394 1522 commixtionis
421 1502 446 1520 et
472 1497 543 1520 iteret
570 1496 685 1520 balneum
714 1497 868 1520 multociens.
900 1511 932 1514 -—
963 1497 1008 1520 De
1039 1497 1131 1520 febre
1160 1498 1312 1520 effimera
1341 1505 1375 1520 ex
1411 1497 1586 1520 caliditate
1615 1502 1646 1521 et
1676 1498 1783 1528 signis
1813 1498 1882 1521 eius
1912 1502 1943 1521 et
1975 1506 2049 1522 cura

209 1548 228 1564 c.
243 1541 336 1563 XXI.
354 1540 530 1571 {Quandoque
548 1539 637 1563 accidit
655 1547 685 1562 ex
704 1539 784 1562 calore
802 1540 865 1563 aeris
879 1539 888 1570 ΙΙ
901 1545 926 1563 et
944 1539 1024 1563 calore
1042 1540 1125 1563 balnei
1143 1544 1168 1563 et
1186 1540 1303 1563 similium
1323 1540 1398 1563 febris
1417 1540 1530 1563 effimera
1549 1545 1574 1563 et
1587 1539 1729 1571 plurilmum
1743 1540 1806 1564 illius
1825 1548 1875 1564 non
1889 1541 1986 1568 accidit,
2001 1541 2049 1564 nisi
2077 1554 2087 1573 5

210 1591 240 1606 ex
259 1582 418 1606 vehementia
436 1582 523 1606 oeloris
541 1582 600 1605 solis
619 1587 644 1605 et
662 1587 699 1605 est
719 1582 807 1614 prissma
824 1583 954 1613 suspensio
973 1583 1026 1606 eius
1044 1590 1099 1605 cum
1118 1582 1206 1613 spiritu
1224 1582 1334 1610 animali,
1353 1589 1409 1605 cum
1428 1583 1535 1613 primum
1550 1582 1619 1613 quod
1631 1590 1661 1605 eo
1674 1582 1765 1606 leditur
1779 1583 1784 1614 Ι
1800 1584 1832 1606 sit
1846 1588 1928 1614 caput.
1959 1583 2050 1607 Calefit

209 1626 275 1649 enim
293 1633 336 1649 aer
352 1625 406 1649 eius
424 1631 449 1648 et
467 1625 581 1656 per-uenit
598 1625 630 1648 ad
649 1632 690 1648 cor
707 1629 732 1648 et
750 1624 780 1648 fit
798 1624 891 1656 felbris.
922 1625 1022 1648 Deinde
1037 1626 1160 1656 spargitur
1178 1625 1202 1647 in
1221 1632 1309 1656 corpus
1329 1629 1409 1648 totum
1427 1630 1452 1648 et
1470 1625 1620 1656 quandoque
1633 1626 1663 1648 fit
1680 1626 1732 1649 eius
1745 1625 1883 1657 sulspensio
1898 1634 1953 1649 cum
1966 1627 2049 1654 corde,
2065 1639 2088 1652 ω

210 1673 311 1699 propter
327 1667 479 1691 oeliditatem
498 1667 612 1695 anelitus,
630 1672 655 1690 et
674 1668 775 1698 quando
793 1668 931 1691 custoditur
947 1667 950 1698 Ι
966 1672 1040 1698 oeput
1057 1676 1071 1691 a
1089 1667 1178 1691 oelore.
1209 1667 1259 1691 Sed
1277 1667 1319 1690 illa
1340 1675 1388 1698 que
1407 1675 1437 1691 ex
1456 1668 1509 1691 sole
1521 1668 1610 1692 accidit
1623 1667 1756 1699 plurimum
1770 1668 1899 1700 imprilmit
1912 1669 1937 1691 in
1949 1669 2049 1692 cerebro

209 1716 235 1734 et
249 1711 344 1742 capite;
361 1715 385 1734 et
398 1714 499 1741 propter
511 1710 580 1738 illud,
596 1710 639 1741 qui
654 1718 703 1733 nou
715 1714 753 1733 est
761 1710 877 1737 mundus,
887 1710 1013 1741 imlpletur
1021 1715 1097 1741 caput
1106 1711 1166 1733 eius.
1185 1710 1220 1733 Et
1232 1709 1273 1733 illa
1283 1717 1332 1741 que
1342 1717 1391 1732 non
1402 1710 1432 1733 fit
1442 1717 1471 1732 ex
1484 1710 1545 1737 sole,
1554 1710 1598 1733 sed
1609 1710 1639 1734 fit
1649 1718 1678 1733 ex
1690 1709 1786 1741 dilebus
1797 1711 1975 1734 canicularibus
1986 1715 2049 1734 etex

209 1753 366 1776 balneatione
379 1758 403 1776 et
419 1760 448 1776 ex
460 1753 514 1776 aliis
528 1751 731 1784 impressioMnem
746 1753 806 1776 facit
818 1753 843 1775 in
856 1760 904 1776 cor.
918 1766 952 1769 —
963 1752 1069 1783 Signa.
1091 1752 1166 1783 Signa
1179 1757 1237 1775 sunt
1249 1760 1322 1776 causa
1337 1752 1453 1775 eueniens
1469 1752 1473 1784 Ι
1489 1757 1514 1775 et
1527 1752 1686 1776 uehementia
1699 1753 1912 1776 imflammationis
1925 1754 2012 1784 capitis
2024 1754 2049 1777 in
2065 1765 2088 1784 15

208 1799 278 1827 parte
289 1795 370 1826 solalri
383 1795 499 1819 cerebrali
514 1799 538 1818 et
551 1795 656 1818 fortasse
671 1799 708 1818 est
720 1802 776 1818 cum
789 1795 909 1825 grauitate
922 1799 947 1818 et
957 1795 1100 1826 repletione,
1112 1794 1116 1827 Ι
1127 1796 1148 1819 si
1163 1803 1213 1818 non
1227 1795 1302 1819 fuerit
1314 1803 1402 1826 corpus
1415 1795 1537 1818 mundum
1550 1800 1575 1819 et
1587 1796 1732 1826 magnitudo
1742 1795 1866 1820 hanelitus
1875 1797 1900 1819 in
1910 1795 1988 1828 parite
1999 1805 2049 1820 cor-

208 1837 267 1861 diali
280 1842 305 1861 et
318 1842 355 1860 est
368 1837 429 1860 illud
441 1837 510 1868 quod
521 1842 624 1868 apparet
636 1837 668 1860 de
681 1844 783 1868 corpore
796 1836 968 1869 uehemenlltis
981 1837 1150 1861 calefactionis
1162 1837 1266 1861 mlidjus
1278 1838 1394 1861 interiore
1407 1839 1473 1865 eius;
1493 1842 1518 1861 et
1531 1838 1562 1861 de
1574 1838 1630 1867 illis,
1650 1839 1740 1869 quibus
1756 1839 1760 1870 Ι
1776 1839 1852 1862 scitur
1863 1839 1932 1867 illud,
1946 1843 1983 1862 est
1995 1840 2049 1862 sitis
2064 1850 2088 1863 20

209 1880 261 1903 eius
279 1880 360 1902 minor
377 1880 418 1903 siti
437 1879 510 1908 illius,
529 1880 597 1903 cuius
615 1879 688 1903 calidi
700 1885 736 1902 tas
755 1884 792 1902 est
810 1879 851 1903 illa
869 1879 995 1907 caliditas;
1015 1884 1040 1903 et
1058 1885 1095 1903 est
1114 1880 1140 1903 in
1159 1879 1204 1903 hac
1223 1879 1369 1904 habitudine
1387 1878 1518 1904 contrari'a
1537 1881 1568 1909 ei,
1587 1889 1636 1912 que
1654 1885 1691 1904 est
1710 1889 1739 1904 ex
1756 1881 1887 1905 densitate.
1906 1895 1938 1898 —
1957 1881 2048 1905 Cura.

209 1923 257 1945 Est
274 1922 438 1945 necessarium
457 1926 485 1945 ut
504 1922 642 1953 incipiatur
660 1922 684 1944 in
703 1922 830 1945 curatione
848 1922 900 1945 eins
918 1929 973 1945 cum
992 1929 1030 1950 eo,
1049 1923 1117 1953 quod
1135 1923 1263 1954 infrigidat
1281 1930 1311 1946 ex
1330 1923 1452 1946 embrocis
1466 1923 1474 1952 ζΙ
1489 1930 1562 1954 super
1580 1928 1653 1954 caput
1666 1927 1691 1946 et
1703 1928 1789 1954 pectus
1802 1931 1831 1947 ex
1845 1923 1899 1947 Ioco
1913 1924 2049 1955 longinquo
2064 1935 2087 1953 ²5

209 1968 234 1988 et
252 1965 324 1988 det-ur
347 1964 372 1988 in
394 1968 455 1995 potu
471 1964 475 1995 Ι
490 1972 555 1995 aqua
574 1964 672 1995 frigida,
690 1969 714 1987 et
733 1971 782 1995 que
799 1969 899 1987 currunt
917 1971 989 1988 cursu
1007 1965 1073 1992 eius;
1099 1971 1123 1988 et
1141 1966 1194 1988 sine
1213 1965 1350 1989 cessatione
1369 1966 1413 1989 fiat
1430 1965 1434 1997 Ι
1450 1965 1519 1993 illud,
1539 1973 1668 1997 quousque
1687 1966 1795 1989 declinet
1813 1966 1896 1990 febris.
1933 1967 2048 1998 Cumque

208 2007 318 2031 aufertur
341 2006 501 2038 ingreldiatur
519 2007 604 2034 tinam,
629 2011 653 2030 et
672 2014 721 2030 non
741 2011 826 2038 tangat
844 2014 899 2030 eum
920 2007 970 2030 tina
988 2007 1049 2034 eius,
1072 2008 1093 2030 si
1112 2008 1187 2031 fuerit
1204 2015 1260 2031 curn
1279 2015 1310 2031 eo
1325 2007 1328 2039 Ι
1346 2008 1436 2033 febris:
1463 2013 1487 2031 et
1506 2008 1594 2031 balnea
1613 2016 1668 2032 eum
1688 2016 1744 2032 cum
1762 2017 1827 2040 aqua
1846 2009 1938 2040 tepida.
1956 2014 1981 2032 et
1999 2017 2050 2033 non

209 2050 336 2080 permittas
361 2057 442 2073 aerem
455 2049 464 2080 ΙΙ
478 2050 530 2073 eius
553 2049 688 2073 calefacere
712 2050 802 2080 ipsum.
838 2050 873 2073 Et
894 2057 944 2072 non
963 2050 1052 2073 timeas
1070 2058 1100 2073 ex
1118 2051 1242 2074 effusione
1261 2058 1325 2081 aque
1343 2050 1431 2081 califfde
1449 2058 1524 2082 super
1541 2056 1615 2082 caput
1632 2052 1694 2079 eius,
1713 2052 1831 2082 quoniam
1850 2051 1903 2082 ipsa
1921 2050 2049 2075 humectat
2063 2063 2088 2082 30

209 2096 233 2115 et
257 2092 358 2115 resoluit
382 2092 477 2115 febrem
493 2091 497 2122 1
513 2096 539 2115 et
561 2092 694 2115 necessitas
711 2092 743 2115 ad
761 2091 928 2115 balneandum
952 2092 1007 2123 plus
1028 2096 1066 2115 est
1084 2100 1158 2123 quam
1178 2094 1311 2116 necessitas
1330 2093 1362 2116 ad
1381 2092 1566 2124 inunigendum.
1603 2094 1667 2116 Cum
1686 2101 1745 2125 ergo
1763 2094 1894 2124 egreditur,
1914 2099 1971 2118 tunc
1989 2094 2048 2118 frioe

207 2139 282 2165 caput
300 2135 352 2158 eius
370 2134 396 2157 in
414 2134 474 2157 oleis
493 2134 596 2165 frigidis,
615 2135 678 2158 sicut
696 2139 734 2158 est
752 2134 834 2158 oleum
854 2139 962 2158 rosatum
982 2140 1006 2158 et
1026 2135 1058 2157 de
1073 2135 1199 2158 nenufare.
1214 2149 1245 2152 -
1258 2136 1304 2159 De
1322 2136 1411 2159 febre
1429 2136 1580 2159 effimera
1599 2143 1635 2159 ex
1654 2136 1832 2160 soliditate
1850 2136 1902 2160 uel
1921 2137 2048 2167 frigore

208 2181 239 2200 et
256 2177 359 2208 signis
377 2177 447 2200 eius
466 2182 496 2200 et
513 2185 548 2200 cu
557 2185 601 2205 ra,
619 2184 640 2200 c.
656 2177 750 2200 XXII.
765 2176 774 2207 ΙΙ
787 2177 945 2208 Quandoque
959 2178 1048 2202 accidit
1062 2186 1091 2201 ex
1105 2178 1195 2208 frigore
1208 2182 1233 2201 et
1246 2177 1403 2201 balneatione
1416 2186 1471 2201 cum
1485 2177 1522 2209 [a]
1535 2176 1538 2210 Ι
1551 2179 1622 2209 aquis
1636 2178 1740 2209 frigidis,
1758 2183 1786 2202 ut
1798 2179 1980 2203 condensentur
1992 2180 2046 2211 pori
2062 2190 2086 2209 35

207 2224 354 2251 apparentes
371 2219 374 2252 Ι
391 2224 415 2243 et
439 2224 580 2244 coartantur
599 2227 705 2251 uapores
723 2220 815 2243 fumosi
834 2220 969 2243 secundum
988 2221 1058 2251 quod
1076 2221 1169 2243 dictum
1189 2225 1226 2243 est
1245 2220 1270 2243 in
1289 2220 1336 2248 illa,
1357 2227 1406 2251 que
1422 2221 1425 2251 Ι
1442 2220 1472 2244 fit
1490 2228 1519 2243 ex
1539 2221 1708 2248 testuositate;
1728 2229 1804 2252 quare
1821 2222 1911 2246 accidit
1928 2223 2004 2246 febris
2024 2227 2049 2246 et

208 2262 352 2286 multotiens
362 2262 492 2294 perdulcit
500 2263 532 2286 ad
542 2263 667 2294 putridam
677 2268 702 2285 et
711 2270 760 2286 non
771 2263 883 2294 perducit
895 2263 927 2286 ad
938 2262 1004 2286 illam
1017 2263 1121 2291 febrem,
1134 2263 1180 2286 nisi
1192 2261 1195 2293 Ι
1207 2263 1308 2294 quando
1317 2270 1395 2294 uapor
1405 2262 1546 2294 prefooetus
1556 2267 1594 2286 est
1602 2267 1696 2291 acutus,
1709 2271 1759 2287 non
1770 2264 1860 2287 suauis.
1879 2265 1968 2289 Suauis
1980 2266 2046 2288 enim
2061 2274 2086 2292 40

208 2312 258 2328 non
270 2305 272 2334 Ι
284 2309 370 2335 grauat
382 2312 445 2328 eam.
455 2319 489 2322 —
499 2305 604 2336 Signa.
630 2305 693 2329 Sunt
706 2312 779 2328 muse
792 2309 816 2328 et
828 2305 897 2336 quod
907 2312 996 2336 cor-pus
1005 2305 1030 2328 in
1041 2312 1077 2333 ea,
1091 2304 1210 2336 inlprimis
1220 2312 1275 2328 cum
1287 2306 1403 2336 tangitur,
1413 2309 1451 2328 est
1460 2313 1511 2328 non
1519 2305 1675 2329 uehementis
1685 2306 1825 2334 caliditatis,
1838 2307 1953 2339 cumlque
1963 2308 2050 2339 figitur

209 2354 304 2374 manus,
322 2347 428 2370 sentitur
445 2347 510 2370 calor
529 2347 620 2371 eleuari
638 2352 663 2370 et
680 2347 766 2378 pulsus
780 2355 830 2370 non
843 2347 852 2378 ΙΙ
866 2352 904 2370 est
917 2348 941 2370 in
956 2347 1085 2378 prauitate,
1104 2347 1129 2369 in
1143 2355 1192 2378 qua
1204 2351 1242 2370 est
1256 2348 1281 2370 in
1296 2347 1338 2370 illa
1350 2355 1399 2378 que
1414 2347 1443 2371 fit
1455 2355 1485 2371 ex
1498 2348 1611 2378 angustia
1627 2352 1630 2378 Ι
1647 2352 1672 2371 et
1687 2348 1784 2372 u-istitia
1797 2354 1821 2372 et
1834 2350 1909 2378 fame,
1928 2351 2046 2381 quoniam
2062 2359 2085 2377 45

208 2397 258 2413 non
277 2394 316 2413 est
333 2389 384 2413 illic
402 2390 528 2418 resolutio,
547 2390 591 2413 sed
609 2394 647 2413 est
664 2389 738 2413 uelox
756 2394 857 2421 propter
875 2390 1065 2418 nelcessitatem,
1083 2390 1130 2413 nisi
1149 2390 1179 2413 fit
1197 2390 1274 2421 frigus
1288 2389 1424 2413 uehemens
1437 2394 1462 2413 et
1476 2390 1580 2413 fortasse
1593 2390 1701 2414 declinat
1717 2389 1720 2422 Ι
1736 2391 1768 2414 ad
1780 2391 1906 2420 duritiem,
1925 2398 1950 2416 et
1963 2393 2047 2416 oculus

209 2440 258 2455 non
283 2438 320 2455 est
339 2432 485 2464 profundus,
509 2432 561 2455 imo
579 2432 730 2463 quandoque
748 2437 785 2455 est
804 2432 922 2464 imlflatus
940 2436 1042 2463 propter
1060 2439 1178 2463 uaporem
1197 2437 1349 2457 coartatum:
1375 2437 1399 2455 et
1416 2432 1486 2455 urina
1504 2432 1655 2464 quandoque
1673 2438 1710 2456 est
1727 2433 1791 2462 alba,
1804 2434 1814 2465 ΙΙ
1828 2435 1945 2465 quoniam
1965 2435 2046 2458 calidi·
2062 2444 2087 2462 50

209 2482 246 2502 tas
265 2479 303 2498 est
320 2475 460 2506 prefocata;
478 2479 503 2498 et
521 2475 673 2506 quandoque
691 2479 729 2498 est
747 2475 831 2502 tincta,
850 2475 967 2506 quoniam
986 2474 1106 2502 mliditas,
1123 2474 1126 2505 Ι
1143 2482 1191 2505 que
1210 2474 1317 2498 resoluta
1335 2475 1382 2498 fuit
1400 2482 1430 2497 ex
1448 2475 1514 2505 poris
1527 2474 1659 2506 expellitur
1670 2476 1702 2499 ad
1714 2476 1781 2499 uiam
1793 2477 1870 2500 urine.
1887 2476 1890 2509 Ι
1906 2491 1938 2494 -
1955 2478 2047 2501 Cura.

208 2517 390 2548 Cooperiantur
407 2517 432 2540 in
451 2517 521 2540 febre
539 2517 619 2540 donec
636 2517 733 2540 sudent.
766 2517 830 2540 Cum
843 2524 901 2548 ergo
917 2517 920 2547 Ι
936 2517 1052 2545 declinat,
1070 2517 1237 2548 ingrediantur
1251 2516 1368 2540 balneum
1382 2522 1407 2539 et
1422 2516 1569 2540 balneentur
1581 2524 1637 2540 cum
1650 2525 1714 2548 aqua
1730 2518 1734 2549 Ι
1750 2519 1781 2541 ad
1794 2519 1944 2543 caliditatem
1958 2520 2048 2544 declini

209 2564 233 2582 et
251 2567 306 2583 cum
325 2567 382 2583 aere
400 2559 480 2582 calido
499 2564 523 2582 et
541 2559 722 2583 embrocentur.

361 2641 411 2674 42
420 2644 456 2666 a.
490 2637 708 2674 Burghesianus
740 2644 815 2673 329,
855 2637 980 2673 scriptus
1010 2642 1054 2665 est
1083 2637 1121 2664 ‘in
1153 2637 1281 2665 Caturco
1312 2636 1451 2674 (Cahors)
1481 2646 1534 2674 per
1565 2646 1688 2665 manum
1716 2638 1859 2668 Iohannis
1890 2639 1977 2668 Eltati
2007 2642 2046 2669 de

209 2688 300 2716 Frisia
329 2697 376 2716 an.
408 2687 497 2715 Dorn.
530 2687 814 2715 M0-Ccc-XV11-
842 2686 938 2715 XIIII
970 2687 1124 2715 Kalendas
1154 2688 1232 2715 iunii’
1258 2695 1295 2715 (v.
1319 2689 1337 2715 f.
1361 2688 1434 2723 519)
1473 2688 1566 2716 littera
1599 2688 1754 2716 Parisiensi
1792 2690 1927 2718 nondum
1957 2691 2046 2728 plene

207 2740 401 2771 conformata,
418 2739 499 2766 cuius
516 2748 607 2775 quam
624 2738 749 2774 plurima
765 2738 926 2774 specimina
943 2738 1075 2765 invenies
1091 2739 1171 2774 apud
1189 2738 1483 2771 DEL15LE,‘Cabinet
1498 2739 1552 2767 (les
1568 2748 1634 2767 mss.
1660 2740 1813 2774 Planches,
1830 2743 1888 2770 tab.
1902 2754 1941 2782 39
1954 2756 1990 2775 ss,
2005 2766 2043 2769 -
