2151 3261
935 271 977 274 —
1020 254 1161 281 XXXIII
1205 270 1246 274 —

193 353 218 372 et
232 348 354 375 diuersas;
374 347 414 370 dic
426 352 454 370 ut
467 347 491 370 in
503 347 592 377 glossa.
622 347 699 370 Extra
709 347 817 378 glossam
831 351 925 377 quanto
937 346 1034 374 dicitur,
1048 346 1115 377 quod
1129 346 1196 377 ipsis,
1215 346 1258 376 qui
1270 349 1327 369 sunt
1340 345 1364 368 in
1377 349 1508 376 potestate,
1526 345 1663 368 cauendum
1680 344 1683 375 Ι
1700 349 1744 368 est.
1774 345 1858 375 Quero
1872 344 2022 376 quo[niodo]

193 390 242 422 ipsi
259 397 331 413 seruo
343 390 433 420 poterit
447 389 527 413 caueri
540 392 567 412 ut
581 388 662 420 serluo
676 389 826 420 acquiritur?
854 388 989 412 Possumus
1003 388 1083 411 dicere
1095 387 1262 419 probabiliter,
1281 387 1349 418 quod
1367 387 1414 418 ipsi
1430 387 1434 418 Ι
1449 394 1521 410 seruo
1533 392 1648 410 caueatur
1666 391 1691 410 et
1703 387 1749 410 sibi
1761 388 1901 418 acquiratur
1912 388 1976 411 actio
1995 396 2024 411 ex

192 432 238 456 hac
258 431 425 463 stipulatione,
444 431 502 462 quia
518 430 521 463 Ι
537 431 612 454 habet
629 435 760 462 utramque
778 431 900 454 actionem
919 438 949 453 ex
969 434 1125 458 testamento,
1144 429 1204 453 alias
1222 437 1292 453 secus
1310 434 1339 452 ut
1351 429 1366 452 l.
1381 429 1412 452 Si
1431 429 1525 452 filius
1543 428 1546 461 Ι
1562 429 1625 452 infra
1643 429 1674 452 de
1686 430 1818 452 uerborum
1832 429 2024 460 obligationibus

192 478 217 497 et
229 474 245 497 l.
258 473 332 505 paulo
345 474 407 496 infra
422 474 453 497 de
465 473 626 504 stipulatione
638 481 772 496 semorum.
798 472 847 496 Vel
860 472 932 496 aliter
943 477 968 496 et
980 472 1140 503 probabiliter
1152 479 1212 495 caue
1225 476 1263 495 tur
1277 471 1379 495 domino
1392 479 1436 502 pro
1449 479 1528 499 seruo,
1542 475 1566 494 et
1576 472 1623 502 ipsi
1633 479 1705 494 seruo
1715 472 1739 494 in
1750 477 1865 495 euentum
1876 473 2024 496 conditionis

192 514 335 548 acquiriltur
347 523 427 544 seruo,
440 516 508 547 quod
521 520 558 539 est
570 515 688 539 mirabile.
707 516 827 546 Arguitur
836 514 852 537 1.
863 522 906 545 pro
919 514 966 537 hoc
980 514 995 538 l.
1006 514 1032 537 Si
1046 514 1310 542 filiusfamilias,
1327 514 1330 545 Ι
1347 513 1368 545 ξ.
1384 514 1500 541 Diuus,
1513 521 1587 544 supra
1601 514 1632 536 de
1645 514 1730 544 legatis
1744 520 1764 536 1.
1776 514 1871 537 Dicitur
1884 514 1923 537 hic
1936 514 1983 538 hiis
1994 515 2025 538 de

193 558 224 581 de
241 558 353 589 personis
371 562 396 581 et
413 562 507 585 eetera;
527 562 552 581 et
569 559 604 581 sic
622 558 687 581 idem
704 557 707 589 Ι
724 557 884 580 fideiussores
902 557 995 580 debent
1013 564 1066 580 esse
1078 557 1144 588 apud
1157 560 1185 579 ut
1197 563 1284 587 resque
1298 555 1325 587 [l.
1338 555 1477 586 utrosque]
1506 556 1590 586 Quero
1603 563 1651 587 que
1667 555 1670 586 Ι
1687 556 1732 579 erit
1744 557 1853 587 pratica?
1882 557 1945 580 Dico
1958 557 2025 588 quod

193 601 293 631 quando
308 600 478 624 examinantur
491 600 649 623 fideiussores
665 600 669 631 Ι
684 607 716 622 an
729 600 778 622 sint
790 599 882 630 ydonei
894 599 933 621 uel
947 606 996 622 non
1010 599 1042 622 ad
1055 599 1128 622 unius
1141 599 1286 629 petitionem
1300 602 1327 621 nt
1340 598 1356 622 l.
1371 599 1451 621 Arbi
1460 603 1468 622 t
1478 606 1509 621 ro
1522 606 1602 629 supra.
1633 598 1682 629 Qui
1697 598 1815 621 satisdare
1827 604 1935 629 cogatur,
1949 604 1973 622 et
1985 599 2026 622 ille

192 643 230 666 cui
249 643 324 666 debet
342 642 402 670 dari,
422 646 480 665 tunc
497 646 598 665 utentur
611 641 637 673 [l.
652 642 726 665 etiam
745 640 854 672 citetur],
870 640 874 672 Ι
890 645 915 664 et
933 646 991 664 tunc
1009 641 1104 672 cogitur
1122 640 1191 664 illum
1210 641 1326 672 accipere.
1358 641 1474 664 Preterea
1492 646 1520 664 ut
1538 641 1648 671 arguitur
1666 641 1704 663 lex
1721 647 1741 669 1,
1761 642 1782 671 §-
1811 641 1885 664 Cum
1905 642 2026 665 dicitur

192 693 265 716 supra
289 685 315 708 Si
338 685 378 708 cui
401 685 456 716 plus
474 692 549 716 quam
568 692 611 715 per
629 684 708 715 legem
727 684 872 707 Falcidiam.
909 683 958 706 Vel
976 683 1054 711 aliter,
1074 687 1143 714 pater
1160 683 1235 706 debet
1254 684 1371 706 interesse
1390 691 1435 714 pro
1451 682 1454 715 Ι
1470 690 1497 706 se
1515 688 1540 706 et
1558 683 1659 706 nomine
1677 683 1730 706 filii.
1768 684 1890 707 Bartolus.
1909 698 1941 701 -—
1960 685 2027 708 Nec

192 728 218 750 si
236 728 329 751 forte.
365 727 435 750 Nota
453 727 528 750 istum
546 734 637 754 casum,
657 726 732 757 quod,
752 732 970 757 quantumcunque
987 726 990 756 Ι
1006 729 1076 756 pater
1094 726 1125 748 sit
1143 726 1274 749 coniuncta
1293 733 1398 756 persona
1417 726 1438 748 ei
1457 724 1529 756 sollui
1547 733 1596 748 non
1617 730 1708 756 potest,
1727 726 1777 749 dixi
1796 726 1820 748 in
1836 726 1888 756 lege
1901 726 1941 749 111
1953 734 2026 757 supra

192 769 280 794 Soluto
292 769 458 793 matrimonio.
471 768 595 793 Bartolus.
608 768 610 800 Ι
622 782 655 786 —
664 769 725 792 Pos
734 773 841 799 tquam
855 768 954 791 heres.
973 768 1024 791 Ista
1037 772 1073 791 est
1087 772 1140 791 tota
1152 768 1268 791 notabilis
1282 768 1320 791 lex
1332 772 1356 791 et
1366 768 1432 791 istud
1442 767 1597 800 prinicipium
1609 772 1646 791 est
1655 768 1760 792 multum
1771 768 1916 792 notandum.
1936 769 1970 791 Et
1979 768 2027 792 hoc

192 812 259 840 dicit,
273 813 294 836 si
306 810 439 844 condicltio
451 811 617 842 stipulationis
631 811 720 834 existat
733 815 852 842 tempore,
867 818 917 841 quo
930 818 979 833 non
993 815 1030 833 est
1044 818 1150 841 persona
1165 812 1169 840 Ι
1184 810 1326 841 principalis
1339 817 1397 833 uere
1408 810 1448 833 ue]
1462 810 1656 841 interpretatiue,
1670 810 1796 841 stipulatio
1815 819 1865 833 non
1884 811 2009 834 comititur
2022 810 2023 842 Ι

192 859 216 878 et
235 855 366 878 fideiussor
383 862 432 878 non
453 858 571 878 teneatur.
602 855 661 877 Hoc
679 854 739 877 dicit
756 854 781 877 in
800 858 869 877 textu
887 854 922 877 ibi
940 854 1041 877 Nemo
1060 853 1120 880 ius,
1147 853 1172 876 id
1190 856 1228 876 est
1245 852 1379 880 hereditas,
1398 860 1446 883 que
1464 851 1621 884 persona[m]
1641 856 1799 883 representet.
1835 853 1977 884 Opponitur
1995 853 2026 876 de

191 905 236 928 ege
260 897 384 921 Sticum
408 901 462 920 aut
488 897 558 928 ipsa
577 896 604 928 [l.
622 901 677 920 aut
695 895 915 928 Pamphilum]
940 897 1002 920 circa
1021 896 1106 923 finem,
1132 895 1152 926 ξ.
1172 895 1392 926 Principium,
1417 895 1480 918 infra
1503 895 1534 918 de
1553 895 1730 922 solutionibus;
1755 895 1770 920 l.
1790 895 1865 919 Sine
1883 895 2001 918 herede
2022 902 2023 927 Ι

190 939 214 962 in
233 939 354 970 principio
372 939 403 962 de
421 939 635 963 administratione
654 943 777 966 tutorum;
797 938 813 963 l.
826 939 997 962 Hactenus
1016 946 1090 969 supra
1108 938 1140 961 de
1157 939 1292 961 constituta
1310 938 1421 968 pecunia.
1452 937 1573 961 Soluitur:
1593 938 1626 960 ibi
1646 937 1755 969 loquitur
1774 939 1799 961 in
1813 938 1965 969 obligatione
1977 939 2026 961 iarn

190 986 314 1005 contracta
332 982 448 1013 perfecte,
467 989 516 1013 que
534 985 617 1012 potest
636 980 737 1012 direclte
757 980 783 1012 [l.
803 980 901 1012 durare]
921 981 1029 1004 extincta
1046 988 1163 1011 persona;
1182 979 1222 1003 hic
1239 988 1299 1003 uero
1317 980 1342 1003 in
1355 979 1507 1010 obligatione
1520 980 1694 1003 contrahenda.
1726 980 1848 1004 Bartolus.
1879 980 1929 1004 Sed
1941 986 2027 1004 contra

190 1023 237 1048 hoc
255 1024 389 1056 opponitur
407 1024 472 1048 infra
490 1024 577 1048 eadem
596 1024 649 1055 lege
668 1024 700 1047 Si
719 1032 733 1046 a
752 1029 790 1048 te.
820 1023 942 1047 Soluitur:
965 1023 1000 1046 ibi
1018 1031 1068 1046 non
1087 1028 1139 1046 erat
1157 1030 1262 1054 persona
1279 1030 1338 1045 uere
1354 1023 1357 1053 Ι
1373 1023 1418 1046 sed
1435 1026 1487 1046 erat
1505 1022 1637 1051 heredium,
1656 1031 1704 1054 que
1722 1030 1853 1054 personam
1866 1027 2026 1054 representat,

190 1071 215 1090 et
232 1066 309 1090 habes
329 1067 436 1098 glossam
455 1067 480 1090 in
496 1066 500 1097 Ι
516 1066 568 1097 lege
583 1067 603 1094 I,
622 1066 643 1097 ἓ.
659 1067 747 1089 Idem
759 1066 965 1097 Papinianus
979 1065 1006 1097 [l.
1020 1064 1233 1096 Pomponius]
1253 1073 1326 1096 supra
1339 1065 1468 1096 Depositi;
1489 1073 1538 1096 que
1558 1065 1639 1096 glossa
1652 1065 1759 1088 declarat
1773 1065 1839 1088 istud
1854 1064 1857 1097 Ι
1870 1066 2025 1097 principium.

190 1109 250 1132 Dixi
275 1110 299 1132 in
324 1109 377 1140 lege
400 1109 599 1132 Fideiussor
623 1109 768 1140 obligari
793 1108 814 1140 ξ.
839 1109 898 1136 tine,
923 1109 985 1131 infra
1010 1108 1041 1131 de
1064 1108 1260 1132 fideiussoribus.
1300 1108 1392 1138 Quero,
1417 1108 1480 1131 dixi:
1503 1108 1584 1132 donec
1607 1112 1644 1131 est
1662 1107 1795 1136 hereditas,
1815 1112 1898 1139 potest
1915 1108 2026 1139 obligari.

191 1151 282 1182 Quem,
301 1152 370 1183 quid,
388 1152 408 1175 si
427 1151 516 1182 aliquis
535 1155 572 1175 est
590 1151 734 1183 deportatus
753 1155 778 1174 et
796 1151 861 1175 bona
877 1150 880 1182 Ι

341 1242 404 1275 45.
438 1238 532 1266 Vatic.
557 1245 648 1274 3359,
679 1238 749 1266 olim
774 1238 865 1265 Fulvii
890 1237 990 1265 Ursini
1014 1237 1052 1274 (v.
1077 1238 1093 1264 f.
1118 1236 1145 1273 Ι)
1173 1242 1201 1264 et
1223 1242 1312 1264 antea
1337 1237 1423 1264 Bern.
1448 1236 1561 1270 Bembi,
1586 1237 1675 1273 ipsius
1700 1237 1730 1264 F.
1755 1236 1910 1264 Petrarcae
1933 1245 2024 1264 manu

189 1298 270 1317 anno
297 1296 376 1325 1370
399 1288 437 1326 (v.
461 1290 478 1316 f.
500 1288 570 1326 38V)
594 1289 756 1325 Arquadae
779 1289 855 1316 inter
871 1289 1030 1325 Euganeos
1052 1293 1170 1316 montes
1193 1293 1338 1322 exaratus,
1362 1289 1531 1325 exemplum
1556 1289 1678 1325 praebet
1694 1289 1854 1325 scripturae
1878 1288 2025 1317 Gothicae

189 1341 228 1368 ad
252 1340 487 1373 humanisticam‚
511 1348 602 1376 quam
626 1344 741 1373 vocant,
766 1340 920 1376 vergentis.
1010 1347 1068 1375 205
1086 1342 1119 1374 ><
1140 1348 1197 1374 140
1220 1349 1298 1373 mm,
1324 1340 1352 1367 ff.
1376 1340 1461 1367 VIII.
1478 1338 1509 1374 4-
1529 1339 1575 1375 38.
1593 1356 1632 1359 ——
1650 1340 1792 1367 Continet
1815 1340 1846 1367 F.
1871 1339 2025 1368 Petrarcae

189 1392 228 1419 de
243 1391 288 1418 sui
310 1391 400 1427 ipsius
424 1395 453 1418 et
476 1391 514 1418 de
537 1390 696 1418 multorum
720 1391 885 1427 ignorantia
909 1390 967 1427 (ed.
985 1390 1124 1418 CAPELLI
1142 1391 1171 1417 in
1188 1390 1261 1418 Bibl.
1278 1388 1416 1418 litteraire
1440 1391 1478 1418 de
1501 1391 1526 1418 la
1547 1390 1756 1418 Renaissance.
1794 1390 1837 1418 Le
1859 1388 1944 1418 traite
1969 1391 2025 1418 ‘De

189 1442 233 1470 sui
261 1442 352 1479 ipsius
383 1446 412 1469 et
442 1442 600 1469 multorum
630 1441 812 1478 ignorantia'‚
848 1441 927 1469 Paris
956 1440 1054 1478 1906).
1100 1441 1191 1476 Quod
1222 1442 1396 1470 exhibemus
1428 1442 1475 1469 fol.
1504 1450 1513 1468 1
1545 1442 1659 1469 initium
1689 1442 1785 1478 operis
1808 1442 1942 1470 continet
1965 1443 2025 1479 (ed.

189 1492 327 1521 CAPELLI
349 1493 365 1520 l.
390 1502 412 1520 c.
436 1501 464 1529 p.
492 1492 620 1528 17—18.
666 1492 710 1520 Cf.
734 1500 776 1520 DE
799 1492 948 1525 Nommc,
972 1492 1014 1520 La
1038 1492 1111 1520 Bibl·
1135 1493 1174 1520 de
1197 1493 1227 1520 F.
1253 1492 1359 1526 Orsini,
1383 1502 1410 1529 p.
1436 1492 1618 1528 286—2913
1643 1492 1783 1521 CAPELLI
1808 1493 1824 1520 1.
1841 1502 1864 1520 c.
1880 1502 1907 1529 p.
1925 1492 2024 1529 3-63

188 1543 366 1577 Vni-Asso,
398 1544 412 1571 I
436 1544 523 1571 codd.
555 1543 776 1571 Petrarcheschi
807 1543 885 1571 della
908 1543 981 1571 Bibl.
1013 1543 1081 1571 Vat.
1112 1545 1141 1572 in
1165 1544 1248 1572 Studi
1276 1553 1291 1571 e
1315 1544 1397 1572 Testi
1420 1543 1488 1570 XX.
1514 1543 1618 1577 Roma,
1648 1543 1734 1580 1908,
1757 1553 1785 1580 p.
1810 1552 1845 1580 31
1861 1552 1951 1580 -32;
1975 1544 2025 1571 ubi

188 1599 218 1622 et
240 1595 296 1623 alia
319 1594 483 1632 specimina
505 1595 666 1632 scripturae
690 1594 845 1623 Petrarcae
868 1595 1009 1623 invenies.
1098 1600 1123 1635 ῚΙ
1142 1602 1267 1626 Francisci
1285 1602 1400 1626 Petrarce
1421 1602 1523 1625 laureati
1542 1602 1573 1625 de
1592 1602 1629 1625 sui
1647 1602 1724 1633 ipsius
1744 1607 1768 1626 et
1787 1602 1922 1626 multorum
1939 1602 1942 1633 Ι
1958 1602 2025 1633 igno-

187 1645 265 1668 rantia
290 1645 352 1668 liber
375 1645 468 1676 incipit.
488 1658 520 1662 -—
538 1645 582 1668 Ad
600 1645 728 1668 Donatum
747 1644 965 1675 Apenninigenam
981 1645 985 1675 Ι
1000 1645 1190 1675 grammaticum
1207 1646 1210 1676 Ι
1226 1645 1397 1675 Nunquamne
1416 1645 1489 1675 igitur
1507 1645 1679 1675 quiescemus?
1697 1652 1795 1676 semper
1813 1645 1997 1668 conflictabitur
2012 1644 2023 1676 ΙΙ

186 1686 226 1710 hic
244 1687 372 1711 calamus?
390 1687 456 1711 nulle
474 1687 546 1710 nobis
566 1691 638 1710 erunt
656 1687 734 1710 ferie?
756 1687 868 1718 quotidie
885 1686 888 1718 Ι
904 1687 1040 1710 amicorum
1059 1687 1183 1715 laudibus,
1202 1687 1314 1718 quotidie
1334 1686 1472 1710 emulorum
1492 1687 1576 1717 iurgiis
1594 1687 1796 1718 respondendum
1816 1688 1879 1711 erit?
1896 1687 1899 1718 Ι
1915 1687 1971 1710 Nec
1989 1687 2024 1710 in·
2053 1694 2063 1712 5

186 1729 279 1752 uidiam
297 1734 341 1753 aut
358 1729 450 1754 latebre
469 1729 617 1753 excluserint
634 1734 677 1753 aut
696 1734 794 1760 tempus
811 1730 960 1753 extinxerit?
975 1729 980 1761 Ι
996 1729 1051 1753 Nec
1065 1730 1175 1761 quietem
1188 1729 1264 1752 michi
1276 1729 1387 1752 omnium
1406 1729 1492 1756 ferme,
1510 1737 1555 1760 pro
1569 1730 1659 1760 quibus
1672 1729 1808 1753 humanum
1822 1729 1918 1753 laborat
1929 1733 2004 1760 atque
2021 1728 2024 1760 Ι

186 1776 268 1795 estuat
284 1779 371 1803 genus,
390 1780 470 1796 rerum
490 1772 547 1803 fuga
566 1772 706 1803 pepererit?
742 1773 796 1796 Nec
812 1772 967 1796 uacationem
987 1772 1095 1803 denique
1117 1773 1165 1795 iam
1179 1772 1188 1802 ΙΙ
1202 1772 1297 1795 deuexa
1315 1779 1344 1795 ac
1362 1772 1461 1795 defessa
1479 1775 1531 1795 etas
1549 1771 1678 1795 attulerit?
1715 1772 1737 1796 O
1755 1780 1879 1795 uenenum
1898 1772 2024 1803 pertinax!
2041 1780 2065 1793 xo

187 1814 242 1845 Que
258 1813 262 1846 Ι
277 1822 318 1838 me
336 1815 432 1845 pridem
451 1815 486 1838 rei
503 1814 601 1846 publice
619 1818 780 1843 excusassset,
799 1814 909 1838 nondum
928 1819 1032 1838 excusat
1050 1815 1150 1843 inuidie,
1169 1814 1284 1847 cumlque
1303 1815 1351 1842 illa,
1370 1815 1409 1838 cui
1427 1815 1533 1838 multum
1552 1815 1640 1843 debeo,
1653 1822 1694 1838 me
1710 1814 1714 1847 Ι
1729 1814 1850 1841 absoluat,
1868 1814 1921 1842 hec,
1941 1815 1979 1837 cui
1992 1814 2025 1837 nil

185 1856 273 1884 debeo,
293 1864 334 1880 me
349 1856 353 1890 Ι
369 1857 494 1880 molestat.
525 1857 601 1885 Olim,
620 1857 707 1884 fateor,
726 1857 777 1880 stili
796 1862 894 1888 tempus
918 1861 970 1880 erat
988 1857 1119 1884 amicioris,
1139 1862 1163 1880 et
1182 1862 1302 1887 naturam
1322 1865 1404 1880 meam
1423 1865 1521 1888 semper
1539 1862 1564 1880 et
1582 1861 1673 1880 etatem
1693 1857 1742 1880 iam
1756 1856 1911 1888 tranquillior
1922 1857 2026 1880 decebat

186 1899 272 1922 oratio.
309 1900 375 1922 Date
387 1899 397 1931 ΙΙ
409 1900 516 1927 ueniam,
541 1900 626 1927 amici;
652 1904 677 1923 et
696 1904 722 1923 tu
740 1900 824 1928 lector,
850 1901 962 1931 quisquis
981 1907 1015 1928 es,
1034 1908 1114 1931 parce,
1138 1907 1189 1923 oro.
1226 1900 1314 1931 Tuque
1333 1904 1390 1924 ante
1405 1900 1408 1929 Ι
1426 1900 1496 1928 alios,
1516 1900 1615 1923 Donate
1633 1900 1736 1930 optime,
1755 1900 1794 1923 cui
1812 1899 1858 1923 hee
1876 1899 1972 1930 loquor,
1991 1900 2024 1930 ig-
2041 1906 2063 1925 15

186 1942 295 1965 noscito:
315 1942 383 1973 loqui
401 1941 516 1974 oporltet,
535 1950 585 1966 non
603 1943 662 1974 quia
679 1943 705 1966 id
723 1943 820 1971 melius,
838 1943 882 1967 sed
900 1944 958 1974 quia
976 1943 1125 1967 contrarium
1139 1942 1250 1966 difficile.
1281 1942 1337 1965 Etsi
1351 1943 1417 1965 enim
1430 1943 1494 1966 ratio
1506 1942 1640 1973 silentium
1653 1943 1765 1969 suadeat,
1783 1942 1865 1973 digna,
1883 1942 1930 1965 nisi
1944 1941 2024 1970 fallor,

186 1984 323 2015 indignatio
347 1988 371 2008 et
395 1985 473 2008 iustus
498 1985 570 2008 dolor
585 1984 588 2017 Ι
604 1985 679 2008 uerba
703 1989 859 2016 extorquent.
894 1986 1064 2009 Auidissimus
1087 1985 1153 2016 pacis
1171 1986 1197 2008 in
1216 1985 1309 2008 bellum
1328 1992 1409 2016 cogor.
1446 1984 1561 2017 Rurllsus
1581 1992 1636 2008 ecce
1654 1985 1725 2008 inuiti
1744 1984 1873 2012 trudimur,
1891 1991 1973 2007 rursus
1992 1983 2023 2006 ad
2039 1992 2063 2004 20

185 2027 323 2050 censorium
343 2027 438 2058 agimur
457 2026 579 2059 tribulnal,
603 2028 700 2055 mirum,
719 2028 802 2051 nescio
821 2035 852 2051 au
870 2028 956 2051 inuide
973 2028 1088 2055 amicitie,
1109 2036 1139 2051 an
1159 2028 1237 2051 amice
1256 2028 1360 2051 dixerim
1378 2028 1381 2058 Ι
1397 2027 1498 2051 inuidie.
1537 2027 1605 2058 Quid
1624 2035 1673 2050 non
1691 2032 1763 2058 potes
1782 2027 1845 2050 liuor
1863 2027 1984 2058 improbe,
2003 2026 2024 2049 si

185 2069 277 2092 amicos
296 2069 370 2092 etiam
386 2069 389 2101 Ι
406 2069 508 2093 flamare
526 2070 622 2093 animos
640 2070 730 2101 potes?
760 2070 841 2093 Multa
859 2074 960 2101 experto
978 2070 1026 2093 hoc
1043 2070 1101 2093 mali
1115 2078 1192 2101 genus
1205 2070 1373 2102 inlexpertum
1386 2069 1505 2094 hactenus
1518 2078 1583 2093 nunc
1595 2070 1703 2100 primum
1718 2069 1792 2094 michi
1805 2077 1860 2093 mea
1874 2077 1926 2093 sors
1940 2070 2023 2097 obicit,

185 2111 297 2135 omnium
317 2111 500 2143 [grauissimum
519 2113 714 2144 pessimumque.

340 2194 403 2234 46.
438 2197 528 2226 Palat.
552 2206 568 2234 3
575 2206 622 2234 30,
655 2199 724 2226 olim
748 2199 945 2227 universitatis
969 2199 1233 2236 Heidelbergensis
1257 2203 1301 2227 ‘ex
1325 2199 1474 2237 legatione
1489 2199 1637 2228 Gerhardi
1661 2199 1760 2227 Brant'
1784 2198 1835 2236 (de
1852 2199 2022 2232 Davantria,

190 2247 277 2283 1438,
308 2258 333 2275 v,
358 2248 389 2275 E.
413 2248 658 2283 W1NKELMANN‚
689 2249 938 2278 Urkundenbuch
970 2251 1023 2278 der
1056 2250 1143 2278 Univ.
1173 2250 1363 2288 Heidelberg.
1397 2251 1587 2288 Heidelberg,
1619 2250 1650 2278 ΙΙ
1675 2250 1792 2287 (1886),
1824 2259 1862 2286 34
1894 2259 1920 2278 n.
1947 2258 2022 2286 291;

187 2298 209 2331 1,
232 2300 309 2333 4642
340 2298 376 2326 G.
399 2299 539 2333 ΤΟΕΡΚΕ,
570 2299 629 2327 Die
659 2300 796 2328 Matrikel
827 2301 880 2328 der
908 2300 996 2328 Univ.
1022 2301 1212 2339 Heidelberg.
1246 2302 1437 2339 Heidelberg,
1462 2302 1476 2329 I
1499 2301 1616 2339 (1884),
1641 2301 1718 2338 695;
1750 2301 1797 2329 ΙΙΙ
1821 2300 1937 2339 (1893),
1963 2301 2023 2338 51),

186 2348 368 2377 chartaceus.
450 2356 511 2385 270
526 2352 559 2385 ><
580 2358 633 2385 141
654 2360 732 2384 mm„
756 2351 785 2379 ff.
803 2359 872 2387 310.
911 2351 1053 2380 Continet
1074 2356 1190 2389 praeter
1205 2352 1454 2380 commentarium
1470 2353 1499 2380 in
1516 2352 1542 2379 11.
1559 2352 1779 2380 Sententiarum
1796 2353 1857 2380 sive
1873 2353 2023 2380 ‘lecturam

186 2399 304 2436 capituli
328 2399 514 2428 Firmiter
544 2401 583 2428 de
612 2410 729 2429 summa
760 2402 888 2430 trinitate
919 2407 948 2430 et
973 2403 1034 2431 fide
1055 2403 1212 2430 katholica‘
1236 2402 1274 2440 (v.
1298 2404 1327 2430 ff.
1356 2411 1378 2431 1.
1407 2402 1495 2439 Ioov)
1519 2403 1650 2431 Conradi
1673 2404 1712 2431 de
1735 2403 1846 2436 Soltou,
1869 2412 1916 2430 an.
1944 2402 2022 2439 1388

185 2450 353 2486 compilata,
383 2451 499 2488 aliaque
530 2451 704 2482 minutiora:
736 2452 953 2481 ‘Collectorium
984 2454 1056 2487 libri,
1086 2454 1136 2490 qui
1168 2454 1274 2481 dicitur
1305 2454 1462 2482 Rationale
1493 2454 1661 2482 divinorum
1685 2454 1860 2482 officiorum'
1895 2454 2023 2491 magistri

190 2500 358 2529 Hermanni
381 2501 542 2538 Galagaen,
565 2502 700 2530 canonici
723 2503 865 2532 ecclesiae
888 2504 1140 2533 Monasteriensis.
1183 2505 1320 2542 Uterque
1342 2505 1416 2533 liber
1437 2514 1518 2533 anno
1546 2513 1625 2540 1400
1647 2514 1665 2533 a
1688 2505 1824 2533 Gerardo
1840 2505 1968 2538 Verken,
1992 2510 2023 2532 ut

189 2551 304 2579 videtur
324 2552 545 2586 Ruremundae,
569 2550 706 2582 exaratus
728 2558 780 2587 est,
803 2555 946 2591 scriptura
961 2555 1312 2584 Gothica-humanistica.
1329 2572 1369 2576 —
1386 2556 1422 2583 In
1441 2556 1489 2584 fol.
1507 2560 1594 2592 297V‚
1618 2557 1701 2593 quod
1724 2556 1907 2590 exhibemus,
1930 2556 2023 2584 habes

187 2602 335 2639 epilogum
353 2602 528 2631 Collectorii.
545 2620 585 2623 —
602 2604 646 2632 Cf.
662 2604 858 2637 STEVENSON,
882 2605 978 2634 Codd.
996 2606 1087 2634 Palat.
1103 2607 1151 2634 lat.
1169 2606 1287 2634 Romae
1303 2606 1317 2634 I
1335 2605 1451 2644 (1886),
1470 2606 1517 2643 89.
1580 2611 1605 2645 ἹῙ
1624 2614 1817 2638 pretermisi...
1837 2614 1868 2637 de
1887 2613 2022 2645 velatione]

185 2650 342 2683 vi[r]ginum,
360 2652 391 2675 de
409 2653 592 2676 consecratione
610 2654 738 2682 crismatis,
757 2654 805 2678 olei
824 2655 902 2678 sancti
920 2659 944 2678 et
962 2655 1010 2678 olei
1028 2656 1184 2678 infirmorum
1204 2659 1228 2679 et
1246 2656 1278 2679 de
1295 2655 1425 2684 similibus,
1441 2655 1445 2687 Ι
1461 2656 1519 2686 quia
1538 2656 1618 2679 solum
1633 2660 1734 2687 propter
1745 2656 1869 2687 simplices
1882 2656 2022 2679 sacerdotes

184 2693 233 2717 hoc
251 2701 314 2725 opus
332 2701 386 2717 sum
399 2702 519 2725 agressus.
550 2696 665 2719 Preterea
678 2697 817 2727 pretermisi
832 2697 835 2728 Ι
851 2697 926 2720 etiam
941 2705 968 2721 ea
981 2705 1030 2729 que
1043 2698 1074 2721 de
1087 2698 1154 2721 dicto
1167 2698 1231 2722 libro
1243 2698 1339 2722 diffuse
1348 2697 1536 2730 determinat[a]
1551 2697 1578 2730 [l.
1592 2697 1797 2729 determinantur]
1811 2699 1842 2722 de
1855 2699 2022 2726 sacramenn's‚

184 2735 277 2760 scilicet
289 2736 421 2768 baptismo,
434 2736 437 2769 Ι
449 2737 645 2766 confirmatione,
659 2743 768 2762 extrema
781 2740 898 2763 unctione
911 2745 935 2763 et
945 2741 980 2763 sic
993 2740 1023 2763 de
1034 2740 1095 2768 aliis,
1106 2740 1163 2771 quia
1174 2740 1204 2763 de
1214 2740 1268 2764 aliis
1277 2740 1368 2764 dicitur
1376 2740 1530 2764 sufficienter
1539 2741 1563 2763 in
1577 2740 1585 2771 ΙΙ
1599 2744 1687 2771 quarto
1696 2740 1760 2763 libro
1769 2740 1952 2764 Sententiarum
1962 2741 2022 2764 etin

1839 2789 1850 2814 Ξ
