2160 3300
996 262 1223 290 —XV-.

199 356 262 384 libri
295 356 325 383 in
359 356 567 384 Constantium
602 364 687 392 capp.
715 363 759 383 10.
793 363 824 383 11
860 356 986 392 (MiGNE
1010 355 1064 383 ΡΡ.
1088 355 1146 383 LL.
1169 355 1206 388 X,
1231 355 1419 392 587—588).
1452 371 1490 374 —
1521 355 1588 383 Alia
1620 355 1782 392 specimina
1816 355 1922 383 videsis
1944 355 2026 391 apud

198 406 700 435 ZANGEMEISTER-W'ATTENBACH
730 407 789 434 tab.
818 414 866 442 52,
889 407 906 434 f.
932 406 991 434 288
1001 417 1007 442 ;
1039 406 1189 443 Palaeogr.
1219 406 1338 442 Society
1368 406 1427 433 tab.
1456 404 1528 441 136;
1562 405 1737 434 Srerrmsss
1759 406 1818 433 tab.
1844 414 1890 439 20,
1914 406 1932 433 f.
1957 405 2025 433 288.

199 458 243 486 Cf.
258 457 524 490 REIFFERSCHELD,
548 457 622 484 Bibl.
638 457 692 484 ΡΡ.
716 457 780 484 Ital.
797 457 819 490 Ι,
847 464 904 493 150
919 466 955 485 ss.
1013 461 1038 496 ἿῙ
1056 464 1161 487 Vestem
1180 464 1232 487 ovis
1247 468 1311 492 tuae,
1329 463 1386 494 lupe
1405 471 1487 494 rapax,
1503 464 1633 486 cernimus.
1650 463 1654 496 Ι
1669 465 1740 487 Auro
1754 463 1902 494 reipublioee
1914 468 2026 487 sanctum

197 508 247 531 Dei
270 515 357 531 oneras
375 511 401 531 et
417 507 457 531 vel
472 506 476 539 Ι
492 507 601 530 detracta
620 506 718 538 templis
736 507 774 530 vel
793 507 917 538 publicata
935 507 1021 530 edictis
1037 506 1040 536 Ι
1056 506 1095 529 vel
1113 510 1199 529 exacta
1216 506 1304 537 poenis
1322 506 1378 529 Deo
1397 506 1494 536 ingeris
1531 505 1623 529 Osculo
1641 504 1797 537 sacerdosstes
1815 506 1915 537 excipis,
1934 514 1985 537 quo
2003 512 2027 530 et

198 549 310 574 Christus
323 554 361 573 est
372 549 497 581 proditus3
516 554 590 580 caput
605 548 608 580 Ι
625 549 791 572 benedictioni
806 549 939 576 submittis,
957 554 985 572 ut
997 549 1074 572 sidem
1087 548 1178 576 oelces3
1195 548 1198 579 Ι
1214 548 1327 571 convivio
1341 548 1457 579 dignaris,
1476 555 1506 571 ex
1521 555 1570 579 quo
1582 548 1657 571 Iudas
1671 548 1703 571 ad
1715 548 1880 579 proditionem
1896 547 1900 580 Ι
1916 556 2027 579 egressus

197 597 248 620 θεῖς
267 599 367 615 censum
385 592 494 623 capitum
513 591 626 619 remittis,
644 598 718 622 quem
734 591 738 622 Ι
754 590 876 619 Christus,
894 598 926 614 ne
944 590 1060 614 soendalo
1078 594 1151 617 esset,
1170 590 1283 614 exsoluit.

351 683 387 717 8.
424 686 518 714 Vatic.
543 685 632 722 5758,
663 686 732 713 olim
762 685 933 713 monasterii
963 685 990 712 S.
1014 685 1192 713 Colombani
1216 685 1378 718 Bobiensis,
1409 685 1440 712 in
1468 694 1528 722 quo
1551 685 1648 713 codex
1670 685 1728 713 iam
1751 695 1774 713 c.
1797 694 1843 713 an.
1867 685 1924 721 641
1951 686 2023 714 intei

197 738 285 765 libros
309 738 356 764 ‘de
378 745 446 765 arca
468 736 584 764 abbatis
608 736 763 764 Boboleni'
785 736 998 763 adservabatur
1021 736 1059 771 (v.
1083 736 1100 762 f.
1121 744 1131 762 1
1159 741 1188 763 et
1206 736 1368 769 Rossmn,
1392 736 1509 764 Bobbio
1531 736 1682 766 illustrato,
1715 737 1837 770 Torino,
1854 737 1902 764 III
1919 736 2026 774 (1795)

198 787 237 824 56
249 788 306 825 ss).
345 787 538 824 Conscriptus
568 791 612 814 est
643 787 740 814 codex
763 786 885 823 quidem
908 787 970 814 fere
993 795 1029 814 eo
1052 786 1116 823 ipso
1139 791 1275 822 tempore
1298 786 1398 814 litteris
1421 787 1592 820 uncialibus,
1622 787 1789 824 complures
1812 797 1883 816 vero
1905 788 2027 816 notulae

196 839 226 866 in
249 838 429 875 marginibus
452 838 588 865 adiectae
610 842 680 864 sunt
702 837 821 865 saeculo
844 837 913 870 VII,
937 841 969 864 ut
991 837 1114 878 videtur,
1136 837 1236 864 litteris
1259 837 1378 864 cursivis
1407 837 1516 873 pariter
1544 842 1636 874 atque
1657 838 1803 874 integrum
1833 839 1934 866 folium
1958 838 2026 874 287,

195 889 272 916 inter
301 889 524 925 quinterniones
547 887 624 915 XIX
654 892 684 915 et
713 887 774 915 XX
804 888 953 915 insertum.
1057 886 1118 915 260
1139 890 1173 923 ><
1197 895 1259 915 220
1281 896 1360 920 mm,
1390 896 1439 924 pp.
1473 886 1544 923 362-
1576 905 1617 907 —
1650 888 1790 916 Continet
1820 889 1848 916 S.
1871 889 2027 926 Augustini

195 948 356 967 sermones.
386 939 422 966 In
439 939 511 966 folio
529 938 598 974 287,
621 938 702 966 cuius
718 943 835 975 partem
852 938 1034 972 exhibemus,
1057 938 1151 966 habes
1166 947 1337 966 sermonem
1354 937 1390 965 82
1416 938 1444 966 S.
1462 938 1569 966 Leonis
1587 938 1627 965 M.
1652 938 1785 974 ΙΜΙΕΝΕ,
1802 939 1855 966 ΡΡ.
1873 939 1929 967 LL.
1946 940 2025 974 LIV,

195 990 385 1026 422—423).
410 1007 450 1011 —-
473 989 517 1018 Cf.
542 989 619 1023 ΜΑῙ,
645 989 734 1017 Nova
757 989 813 1017 ΡΡ.
840 989 1027 1017 bibliotheca.
1062 989 1187 1023 Romae,
1218 989 1232 1016 Ι
1257 989 1374 1026 (1852),
1397 998 1425 1026 p.
1448 989 1541 1016 XIX:
1574 989 1843 1023 REIFFERSCHEID,
1873 990 1945 1018 Bibl.
1970 991 2026 1018 ΡΡ.

196 1041 260 1068 Ital.
284 1041 308 1074 I,
331 1048 513 1077 452-—459;
538 1040 701 1068 GOTTLIEB
724 1040 754 1067 in
775 1040 970 1068 Centralblatt
985 1040 1003 1067 f.
1020 1040 1222 1068 Bibl.-Wesen
1238 1040 1280 1068 IV
1299 1039 1415 1077 (1887),
1432 1048 1510 1075 444;
1535 1039 1672 1067 SEEBAss
1690 1040 1706 1067 l.
1723 1049 1746 1067 c.
1762 1040 1841 1068 XIII
1858 1040 1974 1078 (1896),
1992 1041 2009 1069 8
2020 1051 2026 1077 ;

195 1092 342 1125 TRAUBE,
366 1092 480 1119 Vorles.
504 1100 531 1119 u.
555 1091 633 1118 Abh.
658 1091 681 1124 Ι,
706 1099 720 1118 2
727 1099 743 1127 3
748 1099 774 1126 3.
819 1091 989 1128 Specimina
1011 1091 1173 1128 scripturae
1195 1091 1317 1119 uncialis
1340 1090 1427 1118 huius
1456 1091 1566 1118 codicis
1590 1090 1682 1118 habes
1706 1090 1736 1118 in
1758 1091 2026 1119 ZANGEMDSTER-

195 1143 427 1170 VVATTENBACH
450 1142 509 1169 tab.
534 1149 572 1178 33
597 1146 627 1169 et
649 1142 730 1178 apud
755 1141 824 1169 MAI
847 1142 862 1168 l.
887 1151 911 1169 C·
934 1142 992 1169 tab.
1014 1149 1100 1177 1—7-
1156 1146 1374 1181 {Uerumtamen
1386 1148 1506 1171 hodierna
1519 1148 1648 1176 festivum,
1667 1152 1764 1179 praeter
1775 1148 1840 1172 illam
1855 1149 2028 1177 reuerentiam,

195 1200 271 1224 quarn
290 1196 343 1215 toto
362 1196 478 1215 terrarum
498 1191 558 1214 orbe
575 1191 718 1222 promeruit,
744 1191 845 1222 speciali
868 1195 892 1214 et
910 1191 1008 1222 propria
1029 1195 1128 1215 nostrae
1145 1191 1213 1214 urbis
1232 1190 1396 1214 exsultatione
1413 1190 1554 1214 ueneranda
1572 1194 1622 1217 esu
1648 1194 1673 1213 et
1690 1190 1734 1213 ubi
1750 1190 1949 1222 prae]cipuorum
1968 1199 2027 1222 apo-

194 1235 315 1258 stolorum
339 1234 490 1265 glorificatus
509 1238 547 1257 est
565 1234 653 1262 exitus,
678 1234 713 1257 ibi
738 1234 763 1257 in
781 1234 822 1257 die
840 1234 969 1264 martyrii!
986 1241 1071 1257 eorum
1089 1233 1122 1256 sit
1139 1233 1232 1256 laetitia
1249 1233 1408 1264 principatus.
1444 1233 1482 1256 Sti
1500 1232 1566 1256 enim
1584 1236 1642 1255 sunt
1659 1232 1714 1261 uiri,
1732 1240 1776 1263 per
1793 1241 1855 1264 quos
1875 1234 1920 1256 tibi
1937 1241 2027 1257 evuan-

193 1276 294 1309 gellium
307 1276 399 1301 Christi
414 1277 499 1299 Roma
517 1276 677 1307 resplenduit,
695 1280 720 1299 et
737 1283 801 1307 quae
819 1284 872 1299 eras
889 1275 1006 1306 magistra
1024 1283 1125 1304 errores,
1144 1276 1209 1299 iacta
1227 1283 1253 1299 es
1269 1274 1273 1307 Ι
1289 1275 1409 1307 discipula
1425 1275 1545 1299 ueritatis.
1575 1275 1613 1298 Sti
1628 1279 1686 1298 sunt
1700 1275 1778 1298 sancti
1790 1280 1872 1306 patres
1884 1276 1919 1299 tui
1931 1276 2028 1307 uirique

194 1323 313 1351 pastores,
331 1319 374 1350 qui
392 1323 416 1342 te
430 1318 439 1349 ΙΙ
452 1319 532 1350 regnis
551 1318 697 1342 melffitibus
709 1318 866 1341 inserendam
879 1318 958 1341 multo
972 1317 1059 1341 melius
1072 1318 1200 1349 multoque
1214 1317 1318 1349 felilcius
1330 1318 1502 1345 condiderunt,
1520 1325 1595 1348 quam
1607 1316 1643 1340 illi
1656 1316 1711 1348 [qm'
1723 1317 1779 1349 tibi]
1793 1317 1914 1349 quorum¹
1927 1319 1970 1350 qui
1982 1319 2027 1342 tibi

194 1369 286 1385 nomen
304 1361 382 1389 dedit,
398 1361 402 1393 Ι
418 1361 526 1384 fraterna
545 1365 569 1384 te
586 1361 646 1384 cede
664 1360 765 1384 sedavit.
797 1361 836 1384 Sti
853 1364 919 1387 sunt,
937 1360 980 1391 qui
999 1365 1023 1383 te
1041 1360 1073 1383 ad
1090 1359 1154 1384 hanc
1169 1360 1273 1391 gloriam
1292 1359 1466 1391 prouexelrunt
1480 1364 1508 1382 ut
1519 1367 1579 1390 gens
1593 1364 1685 1387 sancta,
1703 1360 1809 1391 populus
1822 1360 1922 1388 electus,
1939 1361 2026 1385 ciuitas

194 1403 352 1427 sacerdotalis
375 1407 400 1426 et
423 1403 489 1434 regia
510 1403 514 1434 Ι
535 1411 579 1434 per
602 1411 695 1426 sacram
719 1403 787 1426 beati
809 1403 878 1426 Petri
900 1403 985 1426 sedem
1011 1403 1091 1434 capud
1114 1403 1181 1426 urbis
1206 1402 1310 1430 effecta,
1337 1402 1410 1426 latius
1437 1420 1442 1424 .
1468 1420 1473 1425 .
1496 1420 1501 1425 .
1526 1400 1674 1433 presineris
1698 1401 1821 1432 relegione
1845 1403 1929 1426 diuina
1952 1410 2027 1434 quam

193 1446 363 1470 dominatione
381 1450 484 1469 terrena.
521 1445 641 1476 Quamuis
657 1445 660 1476 Ι
676 1446 742 1469 enim
766 1445 852 1469 multis
876 1449 931 1468 acta
954 1445 1063 1468 uictoriis
1088 1445 1126 1468 ius
1150 1445 1247 1476 imperii
1275 1445 1310 1468 tui
1328 1449 1392 1468 terra
1408 1445 1520 1476 marique
1537 1443 1676 1475 protulelris
1694 1444 1775 1468 minus
1794 1448 1878 1468 tamen
1895 1449 1941 1474 est,
1959 1446 2028 1476 quod

195 1488 241 1512 u'bi
265 1488 369 1512 bellicus
392 1488 463 1511 labor
486 1488 597 1511 subdidit
621 1495 696 1519 quarn
712 1487 716 1519 Ι
731 1488 800 1519 quod
823 1495 872 1519 pax
896 1488 1017 1510 cristeana
1041 1487 1152 1510 subiecit.
1195 1487 1266 1510 Deus
1289 1494 1397 1518 namque
1422 1487 1511 1514 bonus,
1535 1487 1622 1514 iustus,
1644 1486 1648 1518 Ι
1669 1487 1835 1518 omnipotens,
1867 1488 1909 1518 qui
1933 1488 2026 1511 miseri-

193 1531 302 1555 cordiam
319 1538 389 1554 suam
406 1529 517 1554 humano
534 1530 617 1561 generi
636 1538 772 1561 numquam
786 1530 795 1561 ΙΙ
808 1530 909 1561 negauit
926 1537 1063 1560 omnesque
1082 1530 1107 1553 in
1125 1537 1256 1553 oommune
1274 1529 1391 1553 mortales
1409 1529 1441 1552 ad
1454 1529 1621 1560 cognitionem
1637 1529 1641 1561 Ι
1656 1530 1695 1553 sui
1706 1529 1919 1553 abundantissime
1930 1537 2028 1561 semper

192 1573 322 1597 beneficiis
341 1573 456 1596 erudiuit.

346 1672 382 1706 9.
425 1667 621 1696 Vercellensis
649 1667 738 1704 (bybl.
762 1665 950 1704 Capitularis)
974 1666 1176 1700 CLXXXIII,
1206 1666 1303 1694 codex
1325 1667 1445 1694 saeculo
1468 1666 1545 1694 VIII
1568 1666 1671 1701 littera,
1694 1675 1785 1703 quam
1807 1666 2028 1695 semicursivam

193 1723 310 1752 vocant,
333 1718 403 1756 ipsis
417 1718 560 1747 Vercellis
583 1723 720 1746 exaratus
736 1727 801 1746 esse
816 1718 940 1752 videtur,
962 1718 1008 1746 vel
1025 1722 1104 1746 certe
1119 1718 1149 1745 in
1166 1718 1252 1746 Italia
1266 1718 1497 1754 septentrionali,
1513 1722 1546 1745 ut
1561 1727 1598 1745 ex
1612 1718 1774 1747 litterarum
1791 1718 2028 1746 conformatione

193 1770 263 1798 satis
293 1769 483 1797 manifestum
513 1774 566 1797 est.
610 1769 677 1797 Alia
706 1769 793 1797 huius
822 1769 983 1805 scripturae
1005 1769 1169 1805 specimina
1190 1768 1324 1797 invenies
1346 1769 1427 1805 apud
1450 1768 1738 1803 Loi-:W—LIEBAERT,
1768 1769 1917 1805 Scriptura
1939 1769 2029 1797 latina

194 1821 358 1848 minuscula
387 1820 544 1857 antiquior.
589 1820 603 1848 Ι
626 1820 785 1857 Scriptoria
808 1820 918 1847 Italica.
1008 1827 1066 1855 245
1087 1822 1120 1855 ><
1144 1827 1201 1856 190
1216 1829 1302 1855 mm.;
1332 1820 1362 1847 ff.
1391 1827 1456 1856 115.
1502 1820 1591 1847 Varia
1622 1820 1754 1847 continet
1780 1819 1900 1847 Patrum
1926 1828 2026 1856 opera,

193 1872 300 1908 quibus
330 1880 407 1899 saec.
437 1871 496 1899 XV
527 1871 626 1899 titulus
656 1871 805 1908 praefixus
835 1875 893 1899 est:
923 1867 1023 1899 ‘Liber
1044 1870 1196 1898 illustrium
1219 1870 1347 1898 virorum
1370 1870 1512 1898 Ieronimi
1535 1875 1565 1898 et
1585 1871 1827 1898 retractationum
1850 1867 2026 1907 Augustini'.

193 1939 234 1942 —
275 1921 367 1958 Quod
401 1922 576 1950 exhibemus
609 1923 657 1950 fol.
699 1930 755 1957 104
794 1926 967 1958 excerptum
1005 1922 1137 1949 continet
1171 1921 1342 1949 Cassiodori
1378 1921 1417 1949 de
1449 1921 1634 1949 institutione
1667 1921 1833 1949 divinarum
1866 1921 2027 1949 litterarum

193 1983 279 2011 capp.
303 1974 380 2001 VIII
411 1978 441 2002 et
470 1974 515 2001 IX
539 1973 654 2011 (Migne
676 1973 732 2001 ΡΡ.
763 1973 821 2001 LL.
852 1973 946 2007 LXX,
981 1971 1135 2009 1121—2)
1166 1977 1195 2000 et
1226 1972 1362 2000 ordinem
1385 1972 1546 2000 lectionum
1569 1972 1661 1999 divim·
1683 1972 1781 2005 officii,
1808 1981 1898 2009 quem
1921 1981 1938 2000 e
1960 1973 2026 2000 cod.

193 2024 390 2053 CXXXVIII
413 2025 492 2061 bybl.
517 2025 612 2061 Capit.
636 2024 822 2052 Coloniensis
846 2024 939 2052 edidit
961 2024 988 2052 S.
1012 2024 1164 2057 BA'UMER,
1188 2023 1367 2051 Geschichte
1390 2023 1443 2051 des
1467 2023 1609 2051 Brexiers.
1654 2023 1795 2060 Freiburg
1816 2023 1832 2050 i.
1856 2023 1911 2055 Br.,
1939 2022 2026 2059 1895,

192 2085 221 2112 p.
244 2075 314 2104 620.
337 2092 379 2096 —-
402 2075 446 2104 Cf.
471 2075 742 2109 RE1FFERSCHE1D‚
769 2075 842 2103 Bibl.
866 2075 921 2102 ΡΡ.
945 2075 1047 2103 Italica
1070 2075 1111 2108 H,
1136 2082 1275 2109 200—4;
1299 2074 1406 2107 LOEW‚
1429 2074 1531 2102 Studia
1554 2074 1803 2111 palaeographica
1825 2074 1855 2101 in
1871 2073 1958 2101 SBer.
1974 2074 2028 2102 der

192 2127 344 2163 phu-hist.
368 2127 416 2154 Kl.
445 2127 499 2154 der
524 2127 590 2164 Kgl.
614 2126 718 2163 Bayer.
742 2126 837 2154 Akad.
868 2126 921 2154 der
943 2125 1030 2154 Wiss.
1058 2133 1145 2162 1910,
1176 2134 1225 2162 pp.
1254 2133 1298 2152 12.
1322 2133 1370 2161 43,
1393 2125 1453 2152 tab.
1480 2133 1503 2152 1.
1527 2141 1567 2144 —
1591 2124 1671 2152 Alias
1694 2124 1860 2161 complures
1883 2124 2027 2161 imagines

193 2178 327 2206 eiusdem
349 2178 460 2206 codicis
481 2178 614 2206 invenies
638 2178 719 2214 apud
741 2177 919 2211 VATTASSO,
943 2177 1049 2205 Codici
1071 2175 1232 2204 Vercellesi
1255 2180 1284 2203 et
1302 2175 1383 2212 apud
1399 2175 1678 2203 LOEw-LIEBAERT
1701 2175 1716 2203 l.
1733 2184 1757 2203 c.
1845 2172 1870 2212 ἹΙ
1894 2181 1975 2212 Quam
2002 2186 2028 2205 et

192 2232 290 2251 sanetus
313 2227 473 2257 hyeronimus
498 2228 575 2251 tribus
599 2227 667 2251 libr‘m
691 2228 812 2259 exposuit.
854 2227 919 2250 Item
941 2227 973 2250 ad
997 2226 1111 2258 ephesios
1137 2224 1268 2256 epistulam
1291 2225 1431 2255 praedictus
1448 2224 1607 2256 hyeronimus
1625 2224 1680 2248 aliis
1695 2223 1699 2256 Ι
1715 2225 1794 2248 tribus
1811 2224 1879 2247 libris
1897 2224 2028 2255 diligenter

193 2270 296 2300 aperuit.
332 2270 376 2293 Ad
400 2270 473 2293 titum
497 2277 597 2301 quoque
615 2270 798 2301 expositionem
816 2277 867 2293 uno
884 2269 1012 2292 volumine
1028 2269 1031 2299 Ι
1047 2267 1213 2299 eonprehidit.
1249 2267 1293 2290 Ad
1311 2266 1485 2290 Philemonem
1504 2267 1579 2290 etiam
1597 2275 1648 2290 uno
1666 2267 1729 2290 libro
1746 2267 1873 2298 patefecit.
1908 2266 2027 2290 Similiter

192 2319 251 2334 vero
267 2310 270 2343 Ι
286 2311 395 2335 residuas
414 2311 539 2343 epistulas.
558 2311 628 2335 Idest
642 2311 675 2334 ad
693 2311 828 2334 corinth-ios
841 2311 911 2339 duas,
929 2310 962 2333 ad
975 2310 1176 2333 tessalonicenses
1189 2310 1259 2337 duas,
1271 2310 1303 2333 ad
1323 2310 1331 2339 [l
1344 2309 1485 2333 colosenses
1497 2317 1580 2337 unam,
1592 2310 1625 2333 ad
1639 2309 1786 2332 timotheum
1799 2310 1825 2332 Π
1837 2309 2027 2340 diligentissime

193 2353 283 2377 dicitur
300 2353 453 2384 explanasse.
470 2354 474 2384 Ι
532 2354 572 2377 De
590 2353 759 2385 apostulorum
773 2353 868 2376 actibus
881 2356 906 2376 et
918 2352 1103 2384 apochalypsin.
1119 2351 1124 2384 Ι
1140 2353 1230 2376 Nonus
1243 2352 1317 2383 igitur
1327 2352 1406 2375 cudex
1419 2356 1487 2375 actus
1499 2351 1668 2383 apostulorum
1682 2356 1707 2375 et
1718 2351 1897 2383 apochalypsin
1908 2352 2026 2376 continet.

193 2395 243 2418 Sed
261 2395 286 2418 in
304 2396 399 2418 actibus
415 2395 419 2426 Ι
434 2395 603 2426 apostulorum
621 2396 700 2418 sancti
717 2394 836 2418 Iohannis
854 2395 1117 2425 constantinopolitani
1135 2395 1245 2426 episcopi
1263 2395 1289 2418 in
1306 2402 1378 2425 greco
1397 2401 1511 2418 sermone
1529 2399 1670 2418 commenta
1688 2392 1858 2426 replperimus.
1887 2393 1961 2426 [Cap.
1971 2394 2024 2424 IX]

192 2437 381 2468 Apochalybsin
399 2445 459 2461 uero
476 2442 576 2461 sanctus
589 2437 760 2467 Hyeronimus
779 2437 910 2468 conspicue
926 2437 1075 2467 explanauit,
1088 2437 1097 2467 ΙΙ
1110 2437 1155 2460 sed
1167 2442 1192 2460 et
1204 2437 1348 2460 Victorinus
1367 2437 1475 2460 breuiter
1487 2437 1608 2467 quaedam
1623 2437 1648 2459 in
1661 2437 1749 2460 eodem
1764 2436 1827 2459 libro
1839 2436 1892 2460 lom
1905 2436 2025 2460 tractauit.
2042 2441 2050 2453 ¹

193 2479 300 2510 Vigilius
318 2487 419 2511 quoque
436 2480 511 2503 Affer
527 2479 531 2510 Ι
545 2480 649 2503 antistes
667 2480 699 2503 de
722 2479 790 2502 mille
807 2486 928 2502 annorum
946 2479 1107 2510 intelligentia
1125 2479 1238 2510 diligenti
1255 2479 1395 2502 narratione
1413 2479 1537 2502 disseruit.
1562 2478 1566 2510 Ι
1587 2478 1741 2502 Thichonius
1760 2478 1834 2501 etiam
1850 2478 1983 2501 Donatista
2001 2478 2026 2501 in

193 2521 282 2545 eodem
306 2521 432 2545 volumine
455 2522 578 2553 quaedam
600 2529 650 2545 non
674 2521 812 2553 respuenda
835 2521 989 2549 subiunxitb
1013 2521 1135 2552 quaedam
1160 2529 1218 2545 vero
1241 2521 1360 2544 venenosi
1384 2521 1506 2551 dogmatis
1529 2521 1567 2544 sui
1588 2520 1712 2544 feculenta
1729 2520 1881 2551 permiscuit.
1917 2520 1958 2543 De
1975 2527 2026 2550 quo

193 2563 329 2587 volumine
353 2569 452 2587 sanctus
474 2564 631 2595 Augustinus
650 2564 674 2587 in
693 2564 761 2587 libris
779 2564 810 2587 de
828 2564 926 2588 civitate
945 2564 985 2587 dei
1003 2564 1074 2595 plura
1092 2564 1217 2588 disseruit.
1253 2564 1354 2587 Nostris
1371 2571 1472 2595 quoque
1485 2563 1494 2594 ΙΙ
1508 2564 1661 2595 temporibus
1679 2562 1851 2594 apochalypsis
1868 2563 1994 2594 praedicta
2012 2570 2027 2586 a

193 2606 267 2629 beato
286 2606 408 2629 Primasio
425 2607 557 2630 Affrioeno
575 2601 806 2630 antistide'minute
821 2606 825 2638 Ι
841 2611 866 2630 et
883 2607 1015 2638 diligenter
1032 2607 1142 2637 quinque
1159 2606 1227 2630 libris
1246 2607 1358 2637 exposita
1377 2610 1421 2629 est.
1449 2605 1453 2637 Ι
1480 2607 1511 2629 In
1528 2606 1630 2629 nomine
1648 2606 1743 2629 domini
1761 2605 1847 2636 incipit
1864 2605 1925 2628 ordo
1943 2604 2026 2628 catho—

193 2648 295 2671 licomm
314 2648 441 2676 librorum,
460 2649 502 2680 qui
520 2654 648 2680 ponuntur
665 2649 723 2672 anni
741 2649 831 2672 circulo
849 2649 875 2672 in
893 2649 994 2672 ecclesia
1007 2648 1125 2680 romanai.
1154 2650 1185 2672 In
1199 2649 1284 2680 primis
1298 2649 1324 2672 in
1336 2649 1518 2679 septuagesima
1532 2655 1624 2679 ponum
1639 2648 1746 2677 (l.—nt)
1760 2647 1933 2678 eptatheueum
1946 2654 2026 2677 usque

2043 1410 2066 1424 10

2043 1537 2066 1556 1⁵

2042 2567 2065 2586 ¹5

193 2691 225 2714 ad
239 2691 327 2721 quinto
345 2691 468 2714 decimum
487 2691 553 2714 diem
570 2691 573 2722 Ι
589 2696 648 2714 ante
665 2691 764 2722 pascha.
794 2692 824 2714 In
843 2692 931 2722 quinto
948 2691 1045 2715 decimo
1063 2692 1104 2715 die
1121 2696 1178 2714 ante
1196 2691 1287 2722 pascha
1305 2695 1401 2722 ponunt
1413 2691 1576 2720 Hyeremiam
1590 2690 1737 2721 prophetam
1751 2690 1760 2721 ΙΙ
1772 2697 1851 2720 usque
1864 2689 2021 2720 parasceben.
2037 2693 2062 2707 ²0

349 2773 357 2790 1
378 2767 462 2791 studio
480 2767 560 2798 prima
577 2767 704 2791 moenium
723 2772 821 2791 tuorum
840 2767 1001 2791 fundamenta
1019 2767 1098 2791 lomta
1115 2772 1186 2795 sunu
1205 2774 1219 2790 e
1237 2760 1327 2798 quibus
1346 2767 1366 2790 is
1384 2769 1469 2790 omzsit
1485 2768 1575 2790 scriba.
