2160 3251
996 265 1037 268 —
1081 248 1157 276 VIII
1203 265 1242 268 —

199 348 301 371 natum
326 348 377 376 est,
406 343 514 370 litteras
537 343 636 370 adhuc
659 342 774 370 redolet
800 339 853 381 [8],
885 343 1009 370 alterum
1033 351 1083 370 eas
1115 342 1173 369 iam
1208 342 1370 379 elegantius
1394 343 1563 370 efformavit
1580 339 1632 382 [9].
1656 359 1696 363 -—
1719 342 1751 381 b)
1774 344 1924 381 Scriptura
1947 344 2039 372 minu-

196 394 293 422 scula:
317 394 350 430 α)
366 393 468 421 Italiae
489 393 716 430 septenm'onalis)
742 402 820 430 quae
843 393 872 420 in
896 393 1054 429 scriptoriis
1071 392 1220 426 Bobiensi,
1248 392 1425 427 Veronensi,
1449 393 1639 427 Vercellensi,
1663 393 1799 429 Lucensi,
1823 394 2040 424 Nonantulano

197 445 322 482 aliisque
367 445 451 472 citius
496 445 682 473 conformata
727 448 773 472 est
817 453 907 481 quam
946 444 973 471 in
1014 443 1100 471 Italia
1140 444 1334 478 meridionali,
1380 445 1433 472 sed
1472 444 1553 472 brevi
1590 453 1608 472 a
1645 444 1785 473 Carolina
1821 450 1865 474 est
1900 447 2041 475 submota

199 493 273 536 [10].
302 513 333 516 —>
363 495 392 534 β)
416 495 518 523 ltaliae
550 495 737 523 meridionali&
766 495 828 523 sive
860 495 1066 528 Beneventano,
1097 504 1175 532 quae
1208 495 1300 523 serius
1330 500 1415 528 nata,
1447 495 1566 523 saeculo
1591 494 1636 523 IX
1660 500 1689 523 et
1712 495 1741 523 X
1764 497 1916 533 paullatim
1940 497 2040 525 efficta

198 552 227 575 et
250 548 381 584 perfecta
406 544 467 586 [11.
489 544 547 586 12],
572 547 692 575 saeculo
716 547 838 574 demum
856 546 900 573 XI
918 551 946 574 et
962 546 1025 573 XII
1042 546 1131 583 plene
1155 546 1365 583 eleganterque
1389 551 1433 575 est
1456 547 1650 574 conformata.
1695 546 1796 584 Atque
1819 547 1894 576 haec
1917 548 2039 585 quidem

198 599 334 626 bifariam
359 599 452 626 dividi
475 602 588 635 potest:
613 598 658 635 (1)
682 598 711 625 in
733 597 907 625 Casinensem
931 598 1031 634 paullo
1054 598 1275 634 angulosiorem
1301 594 1362 637 [13.
1382 595 1429 635 14]
1454 602 1483 625 et
1500 597 1544 635 (2)
1560 597 1588 625 in
1606 597 1756 625 Barensem
1780 599 1939 626 rotundam
1964 596 2040 639 [15],

198 659 276 687 quae
301 651 389 678 etiam
414 650 443 677 in
468 650 568 678 insulis
585 649 756 677 Dalmatiae
779 649 983 677 adiacentibus
1006 649 1044 676 ab
1061 654 1190 677 exeunte
1206 649 1325 677 saeculo
1342 649 1403 677 XII
1427 649 1457 676 in
1473 658 1527 677 usu
1544 649 1597 676 fuit
1615 645 1689 689 [16].
1708 665 1746 668 -
1763 648 1904 677 Ceterum
1920 651 2040 678 saeculo

197 701 276 729 XIII
302 701 516 729 Beneventana
540 701 684 737 scriptura
708 700 902 737 negligentius
927 700 1015 727 ducta
1040 699 1170 737 elanguit
1191 704 1283 737 atque
1307 700 1464 728 Carolinae
1487 700 1584 728 locum
1608 700 1695 728 cessit
1720 697 1792 740 [17].

353 760 379 780 2.
403 752 562 788 Scriptoria
585 751 751 780 Gallica.
789 750 818 789 a)
846 751 975 779 Litterae
998 751 1212 787 Merozvingicae,
1243 751 1350 788 quibus
1382 751 1440 779 iam
1471 751 1586 779 dudum
1616 751 1736 779 tabulae
1766 751 2040 786 conscribebantur,

197 808 325 832 exeunte
339 803 458 831 saeculo
471 803 549 830 VIII
563 803 602 830 ad
616 803 784 830 exarandos
797 802 916 830 codices
932 803 1089 830 translatae
1104 806 1180 835 sunt,
1197 802 1263 830 licet
1278 802 1348 830 satis
1361 802 1499 830 horridae
1515 807 1614 830 essent
1629 811 1664 830 ac
1680 802 1848 840 complures
1864 807 1951 831 notas
1967 812 2040 831 con-

196 855 324 882 tinerent
347 854 447 891 potius
474 863 634 891 suspensas
658 863 749 890 quam
765 853 819 881 rite
835 854 1038 881 conformatas
1063 850 1137 892 [18].
1162 870 1202 873 —-
1219 852 1250 890 b)
1275 853 1349 881 Mox
1373 853 1486 881 litterae
1509 853 1672 881 distinctius
1696 854 1920 891 elegantiusque
1943 854 2040 891 pictae

196 910 274 942 sunt,
298 906 352 933 sed
375 915 437 933 non
461 914 521 933 una
545 905 574 932 in
599 905 738 933 omnibus
755 905 913 942 provinciis
936 905 1059 932 ratione.
1098 903 1167 939 Qua
1182 905 1221 932 de
1238 914 1269 932 re
1284 904 1453 941 complures
1477 905 1615 942 distingui
1631 909 1757 942 possunt
1773 905 1888 939 classes,
1913 914 2039 942 quarum

197 957 359 985 nonnullae
383 957 508 984 fortasse
532 957 621 984 etiam
646 960 729 984 extra
752 955 879 984 Galliam
903 955 1057 984 adhibitae
1081 959 1157 983 sunt.
1203 955 1424 992 Antiquiorum,
1448 965 1522 992 quas
1545 956 1684 984 TRAUBE
1709 956 1736 994 (1.
1753 966 1776 984 c.
1794 965 1821 993 p.
1843 965 1881 991 24
1905 961 1935 984 et
1957 956 2037 993 apud

197 1009 301 1042 BURN,
326 1008 497 1036 Facsimiles
518 1008 549 1035 of
564 1007 615 1035 the
632 1007 753 1040 Creeds‚
778 1007 909 1034 London
938 1015 1025 1043 1909,
1048 1016 1076 1043 p.
1093 1006 1146 1043 47)
1171 1006 1356 1034 Lux-avienses
1373 1007 1498 1040 vocavit,
1522 1007 1697 1035 exhibemus
1714 1008 1883 1044 exemplum
1907 1004 1981 1047 [19].
1998 1024 2038 1027 —

195 1058 222 1097 c)
241 1059 288 1087 Ab
305 1059 350 1087 his
366 1068 428 1087 non
445 1068 550 1095 parum
566 1059 709 1086 differunt
725 1058 838 1086 litterae
851 1057 966 1086 Galliae
982 1057 1222 1094 septentrionalis
1239 1057 1300 1085 sive
1318 1057 1493 1091 Corbeienses,
1511 1067 1593 1094 quas,
1610 1058 1686 1086 inter
1697 1067 1729 1086 se
1741 1067 1803 1086 non
1815 1058 1886 1086 nihil
1899 1059 2039 1090 diversas,

194 1110 358 1139 accuratius
381 1115 528 1138 scrutatus
552 1114 596 1137 est
618 1109 757 1137 TRAUBE
787 1109 817 1136 in
841 1105 983 1136 ‘Perrona
1005 1105 1185 1136 Scottorum’
1210 1107 1309 1145 (SBer.
1334 1109 1387 1136 der
1409 1109 1473 1136 hist.
1499 1109 1546 1136 Kl.
1571 1109 1624 1137 der
1648 1109 1714 1146 Kgl.
1740 1109 1844 1146 Bayer.
1868 1110 1922 1137 Ak.
1951 1117 2038 1145 1900,

195 1171 244 1199 pp.
261 1161 446 1199 469—558;
471 1162 505 1189 cf.
531 1161 636 1195 Loaw,
660 1160 765 1189 Studia
788 1160 1008 1197 palaeogr.1.c.
1030 1167 1117 1196 1910,
1141 1169 1189 1197 pp.
1207 1159 1246 1195 36
1263 1159 1312 1196 ss.)
1339 1156 1413 1199 [20].

349 1221 376 1249 3.
400 1213 560 1249 Scriptoria
583 1212 783 1240 insularia
806 1212 868 1239 sive
892 1211 1011 1239 scottica
1035 1216 1064 1239 et
1087 1210 1350 1248 Anglo-Saxonica.
1397 1211 1528 1240 Aliarum
1552 1211 1770 1248 provinciarum
1794 1212 1901 1240 librarii
1930 1212 2040 1240 litteras

195 1273 264 1292 suas
288 1273 304 1292 a
329 1264 449 1292 cursivis
474 1263 619 1292 Romanis
642 1263 822 1296 derivarunt,
850 1263 969 1290 Scottici
994 1271 1064 1290 vero
1088 1266 1117 1290 et
1140 1262 1253 1299 Anglici
1278 1271 1346 1290 suas
1370 1272 1386 1290 e
1409 1262 1650 1291 semiuncialibus
1673 1263 1862 1297 effinxerunt,
1885 1263 1977 1300 idque
1999 1263 2039 1291 ita

195 1320 226 1343 ut
249 1324 300 1343 eas
331 1315 459 1352 primum
491 1315 642 1348 rotundas,
672 1318 779 1351 postea
808 1314 962 1351 angulatas
993 1314 1223 1342 conformarent.
1270 1313 1340 1342 Hae
1371 1314 1484 1341 litterae
1508 1323 1544 1341 ex
1567 1314 1668 1342 insulis
1692 1312 1868 1342 Britannicis
1891 1322 1909 1342 a
1931 1314 2038 1342 Scottis

193 1363 259 1403 ‘pro
283 1366 352 1395 Deo
375 1363 644 1403 peregrinantibus'
667 1366 698 1393 in
725 1365 907 1393 monasteria
930 1365 969 1392 ab
993 1365 1034 1393 eis
1058 1373 1111 1402 per
1134 1364 1271 1399 Galliam,
1302 1364 1508 1399 Germaniam,
1538 1365 1654 1393 Italiam
1677 1365 1839 1393 constituta
1862 1369 2038 1402 exportatae

192 1422 279 1454 sunt;
311 1427 415 1445 verum
445 1417 566 1451 ibidem,
596 1426 665 1445 cum
695 1416 797 1445 formis
827 1416 857 1443 in
881 1416 934 1444 illis
956 1416 1115 1453 provinciis
1139 1416 1252 1444 usitatis
1275 1425 1337 1444 non
1368 1416 1439 1444 nihil
1470 1416 1667 1450 inficerentur,
1697 1425 1715 1444 a
1745 1416 1840 1453 patn'a
1869 1416 2038 1444 sinceritate

195 1469 383 1497 deflexerunt
407 1465 568 1508 [21--24].

345 1529 372 1555 4.
397 1520 558 1557 Scriptoria
581 1519 805 1556 Hispanica
827 1520 889 1547 sive
920 1519 1091 1556 Wszgrothica,
1116 1527 1243 1555 quorum
1267 1518 1389 1552 litterae,
1413 1523 1444 1546 ut
1467 1518 1568 1555 paullo
1590 1522 1661 1546 ante
1683 1518 1860 1552 notavimus,
1885 1527 1901 1546 e
1917 1518 2037 1546 cursivis

194 1571 339 1600 Romanis
362 1572 515 1600 derivatae
539 1580 604 1599 esse
628 1571 773 1599 dicuntur.
819 1570 967 1607 Exempla
991 1571 1098 1598 damus
1121 1574 1183 1597 tum
1207 1570 1394 1598 nascentium
1419 1566 1483 1609 [25]
1508 1574 1571 1597 tum
1593 1570 1761 1597 adultarum
1786 1566 1861 1609 [26].

346 1630 373 1659 5.
398 1623 557 1660 Scriptoria
580 1622 830 1651 Germanica.
877 1622 982 1655 Nulla,
1015 1622 1097 1658 quod
1128 1621 1271 1655 sciamus,
1310 1621 1465 1657 hucusque
1496 1621 1575 1648 facta
1605 1625 1650 1648 est
1679 1621 1808 1654 mentio,
1847 1625 1928 1649 certe
1957 1620 2038 1648 nulla

193 1675 273 1702 edita
295 1679 365 1703 sunt
388 1675 526 1711 exempla
549 1674 711 1702 litterarum
728 1673 925 1702 nationalium
942 1673 1124 1701 Germaniae
1140 1672 1260 1700 saeculo
1277 1671 1355 1699 VIII
1372 1672 1566 1709 propriarum,
1590 1672 1658 1700 licet
1673 1681 1742 1700 vere
1758 1672 1914 1700 extiterint.
1945 1670 2037 1706 Quod

193 1730 255 1753 tam
287 1726 339 1753 diu
369 1726 523 1763 ignoratae
546 1725 653 1753 fuerint
684 1733 849 1762 earumque
880 1724 1018 1761 exempla
1041 1724 1082 1751 ita
1105 1724 1163 1751 sint
1185 1732 1259 1757 rara,
1292 1723 1363 1751 inde
1393 1723 1515 1751 forsitan
1545 1723 1651 1757 evenit,
1681 1723 1765 1760 quod
1789 1722 1936 1751 Carolinis
1965 1731 2037 1750 mox

193 1777 292 1804 locum
316 1777 465 1805 cesserint.
511 1777 649 1805 Profecto
672 1777 748 1804 intra
770 1776 860 1804 breve
883 1776 1026 1812 temporis
1049 1775 1180 1812 spatium
1203 1775 1326 1802 vixdum
1349 1779 1439 1802 natae
1462 1774 1660 1802 adoleverunt
1683 1778 1867 1803 evanuerunt
1892 1770 1952 1813 [27.
1967 1770 2035 1813 28];

192 1829 279 1865 quod
303 1828 392 1856 etiam
416 1828 547 1866 contigit,
570 1832 601 1856 ut
624 1837 713 1865 supra
735 1827 1009 1860 animadvertimus,
1036 1826 1137 1854 litteris
1160 1826 1265 1854 Italiae
1288 1830 1317 1854 et
1340 1825 1455 1854 Galliae
1481 1826 1729 1862 septentrionalis.

346 1880 379 1907 B.
404 1879 554 1916 Scriptura
579 1879 783 1912 Carolina‚
806 1887 824 1906 a
846 1878 1008 1915 praecipuo
1032 1877 1167 1905 eiusdem
1191 1878 1307 1905 fautore
1329 1877 1370 1905 ita
1393 1877 1528 1914 apellata,
1552 1886 1570 1905 a
1592 1877 1693 1905 litteris
1715 1877 1880 1906 uncialibus
1903 1882 1933 1906 et
1947 1879 2037 1907 semi-

191 1931 363 1964 uncialibus,
387 1931 579 1967 maximeque
595 1931 634 1958 ab
657 1930 802 1958 inclinatis
819 1929 872 1957 illis
896 1929 1030 1957 derivata
1053 1938 1118 1957 esse
1140 1929 1265 1961 videtur,
1289 1937 1367 1966 quae
1390 1929 1419 1956 in
1443 1929 1624 1966 marginibus
1646 1929 1844 1966 complurium
1867 1929 2037 1966 antiquissi-

192 1991 308 2009 morum
333 1982 479 2015 codicum,
503 1986 535 2009 ut
556 1981 715 2009 Frontonis
732 1981 889 2009 Bobiensis
913 1979 951 2017 (v.
971 1977 1014 2020 [F
1032 1977 1160 2020 EHRLE]
1185 1980 1345 2008 Frontonis
1367 1980 1554 2016 aliorumque
1577 1980 1718 2017 reliquiae
1741 1980 1771 2007 in
1795 1980 1892 2008 Codd.
1909 1989 1926 2009 e
1941 1980 2036 2010 Vatic.

193 2033 293 2061 selecti
318 2033 388 2067 VH,
416 2032 503 2070 1906,
527 2042 576 2070 pp.
602 2040 649 2066 22,
673 2037 745 2061 nota
773 2040 825 2067 103
851 2040 898 2065 21,
922 2036 995 2060 nota
1022 2040 1073 2068 19;
1100 2031 1152 2068 24)
1176 2035 1205 2059 et
1229 2031 1381 2059 Prudentii
1405 2030 1575 2059 Parisiensis
1599 2031 1637 2068 (v.
1661 2030 1809 2065 DELISLE,
1833 2031 1962 2060 Cabinet
1983 2032 2037 2060 des

191 2093 249 2112 mss
267 2084 420 2118 Planches,
444 2085 502 2112 tab.
521 2093 531 2112 1
548 2093 575 2111 n.
590 2083 620 2121 3)
637 2087 820 2120 comparent.
856 2082 929 2111 Orta
946 2087 974 2110 et
990 2083 1178 2111 conformata
1194 2086 1238 2110 est
1261 2082 1391 2109 maxime
1414 2082 1443 2109 in
1467 2082 1653 2110 monasteriis
1672 2081 1796 2116 Galliae,
1819 2082 1853 2110 iis
1875 2082 2038 2119 praecipue

192 2145 287 2173 prope
310 2136 448 2164 Turones
471 2136 532 2163 sitis
556 2134 715 2170 (TRAUBE,
739 2134 854 2162 Vorles.
878 2144 906 2161 u.
930 2134 1008 2162 Abh.
1034 2134 1074 2168 Π,
1099 2133 1159 2171 25).
1205 2133 1368 2170 Complura
1396 2133 1534 2170 exempla
1564 2133 1688 2161 collecta
1718 2133 1812 2161 habes
1840 2133 1870 2160 in
1894 2133 2036 2161 DELISLE

192 2187 207 2215 l.
225 2197 248 2215 c.
265 2187 346 2215 tabb.
376 2194 494 2223 13—17
525 2191 553 2214 et
585 2186 711 2214 habebis
741 2186 771 2213 in
803 2185 1100 2219 LOEw-L1EBAERT,
1140 2185 1290 2222 Scriptura
1320 2184 1486 2212 minuscula
1518 2185 1610 2212 latina
1640 2184 1797 2221 antiquior.
1822 2184 1853 2212 ΙΙ
1876 2184 2036 2222 Scriptoria

191 2238 314 2267 Gallica.
338 2255 374 2258 —
403 2238 588 2266 Exhibemus
611 2237 776 2275 specimina
798 2237 909 2265 saeculi
932 2236 994 2264 IX:
1027 2236 1209 2265 Germaniae
1233 2232 1309 2276 [29],
1333 2235 1448 2264 Galliae
1473 2232 1548 2275 [3o]‚
1574 2235 1678 2263 Italiae
1703 2234 1782 2274 [31];
1799 2252 1841 2256 -
1857 2236 1966 2264 saeculi
1988 2235 2033 2264 X:

192 2289 308 2317 Galliae
334 2286 412 2329 [32],
436 2289 617 2318 Germaniae
645 2286 730 2329 [33];
754 2305 795 2309 —
818 2288 928 2316 saeculi
952 2288 1015 2316 XI:
1041 2287 1166 2325 Angliae
1191 2284 1267 2327 [34]⁷
1291 2287 1397 2315 Italiae
1421 2284 1501 2327 [35].

345 2340 377 2369 C.
402 2341 553 2378 Scriptura
576 2340 756 2369 Gothica.
803 2339 986 2368 Praebemus
1011 2339 1148 2376 exempla
1170 2339 1279 2367 saeculi
1295 2338 1367 2372 XII,
1391 2347 1453 2375 quo
1470 2338 1655 2366 librariorum
1679 2338 1792 2366 litterae
1808 2338 1893 2375 quasi
1916 2338 2036 2366 mediae

192 2396 260 2420 sunt
284 2392 360 2420 inter
384 2392 540 2420 Carolinas
572 2396 601 2420 et
624 2391 777 2425 Gothicas,
808 2391 923 2420 Galliae
948 2388 1022 2431 [36],
1053 2390 1236 2419 Germaniae
1260 2387 1335 2430 [37],
1366 2390 1470 2418 Italiae
1495 2389 1579 2429 [38];
1604 2407 1644 2410 —
1667 2390 1777 2418 saeculi
1800 2389 1894 2418 XIII:
1919 2389 2035 2418 Galliae

192 2441 264 2482 [39],
281 2444 406 2481 Angliae
427 2443 693 2481 (philosophicum)
712 2440 785 2483 [40],
809 2442 924 2471 Galliae
948 2441 1138 2480 (medicinae)
1164 2440 1236 2481 [41],
1260 2442 1364 2470 Italiae
1388 2441 1615 2480 (theologicum)
1633 2440 1682 2480 [42
1693 2439 1742 2481 b];
1759 2458 1799 2462 -—
1815 2441 1926 2469 saeculi
1941 2440 2033 2480 XIVA:

192 2495 305 2523 litterae
337 2495 508 2523 Parisiensis
544 2493 769 2532 (theologicum)
802 2491 853 2534 [42
864 2491 910 2534 a],
945 2494 1059 2522 litterae
1090 2494 1290 2522 Bononiensis
1325 2493 1406 2530 (iuris
1440 2493 1577 2521 canonici
1609 2497 1638 2521 et
1668 2492 1771 2531 civilis)
1804 2491 1863 2531 [43.
1893 2490 1963 2530 44];
1995 2507 2035 2512 —

191 2546 353 2583 scripturae
376 2545 523 2574 Gothicae
547 2546 586 2574 ad
610 2546 840 2574 humanisticam
863 2545 1026 2582 vergentis:
1055 2545 1160 2573 Italiae
1184 2541 1214 2584 [4
1220 2541 1260 2584 5],
1284 2544 1466 2573 Germaniae
1490 2543 1561 2583 [46].

347 2597 383 2624 D.
407 2597 556 2634 Scriptura
579 2597 863 2630 humanistica,
890 2605 976 2633 quae,
1000 2601 1106 2624 renato
1129 2596 1282 2633 paullatim
1305 2596 1462 2624 latinarum
1486 2596 1647 2624 litterarum
1671 2596 1779 2629 studio,
1802 2595 1841 2624 ad
1858 2594 2035 2632 elegantiam

192 2648 357 2684 scripturae
381 2647 539 2676 Carolinae
563 2648 656 2676 rediit.
704 2648 809 2676 Habes
833 2647 998 2684 specimina
1021 2647 1130 2675 saeculi
1154 2647 1227 2674 XV:
1253 2646 1437 2675 Germaniae
1462 2644 1537 2687 [47],
1569 2647 1673 2675 Italiae
1696 2645 1935 2684 calligraphicum
1960 2641 2034 2683 [48],

192 2698 307 2727 Galliae
331 2697 402 2737 [49],
432 2699 535 2727 Italiae
557 2700 703 2727 cursivum
729 2697 804 2737 [50].
