2151 3261
56 757 79 770 10

58 843 79 861 ιε

56 972 80 985 20

56 1057 80 1076 25

884 252 926 257 —-
970 236 1063 265 XXII
1109 254 1150 258 —

96 324 187 352 habes
211 330 326 361 partem
350 325 453 362 capitis
475 325 584 354 XVIII
609 327 711 364 (XIX)
736 328 798 356 libri
816 329 828 356 I
854 330 913 366 (ed.
931 329 1051 364 M1GNE,
1071 331 1124 358 ΡΡ.
1142 331 1199 359 LL.
1217 332 1393 367 LXXXIII,
1409 335 1492 372 577).
1538 335 1703 374 Diligenter
1719 338 1936 375 respiciendum

94 375 309 412 compendium
346 375 425 409 illud,
460 385 521 413 quo
558 377 691 414 singulae
724 380 812 407 etiam
848 381 977 409 minores
1008 386 1105 409 textus
1135 383 1296 419 particulae
1319 385 1545 422 distinguuntur.
1591 386 1626 414 In
1651 396 1687 415 eo
1712 388 1936 426 interpretando

95 426 254 454 haeserunt
290 426 549 455 EvaLn-Loewr.
588 428 746 466 (Exempla
777 431 938 468 scripturae
970 432 1178 469 Visigothicae.
1211 433 1440 473 Heidelbergae,
1477 435 1564 473 1883,
1597 446 1625 474 p.
1657 447 1684 473 4,
1718 439 1776 467 tab.
1809 439 1849 477 5),
1883 441 1937 469 sed

95 477 209 514 egregie
238 477 309 505 illud
340 487 423 506 more
454 488 508 507 suo
548 481 694 508 enarravit
726 481 756 509 L.
789 482 927 510 TRAtuan
958 483 1074 511 (Neues
1109 484 1219 512 Archiv
1250 485 1373 514 XXVII
1407 486 1523 524 (1901),
1557 495 1617 524 270
1629 488 1678 526 ss.)
1701 494 1792 527 atque
1823 491 1938 529 ‘Caput’

97 528 320 565 intelligendum
352 538 417 558 esse
448 531 671 560 demonstravit.
725 533 800 561 Illud
831 538 903 562 nota
927 535 948 569 S.
972 535 1145 563 indicamus.
1238 542 1263 576 ql
1281 545 1333 568 Sed
1357 552 1400 569 cur
1424 546 1514 574 sunna,
1538 547 1610 578 quasi
1634 549 1766 578 praeterita
1791 549 1938 578 scribuntur,

97 578 142 600 nisi
170 574 228 609 quia
255 586 283 602 ea
311 587 360 610 que
386 579 478 612 adhuc]
508 581 619 604 facienda
642 587 699 606 sunt
725 583 750 605 in
773 591 857 614 opere,
882 584 930 607 iam
959 585 1024 607 facta
1045 591 1103 609 sunt
1125 586 1150 609 in
1174 586 1257 610 divina
1284 588 1522 619 predestilnatione?
1563 590 1647 613 Nobis
1674 591 1748 622 igitur
1768 592 1939 623 temporaliter

94 621 216 649 accidunt,
235 629 284 652 que
302 630 316 645 a
334 623 462 646 conditore
478 623 482 654 Ι
498 624 608 647 omnium
628 625 682 648 sine
701 630 812 657 tempore
831 626 1000 657 providentur.
1037 627 1214 659 §.Propterea
1237 629 1386 662 prof[h]etia
1409 631 1412 662 Ι
1435 638 1514 655 rerum
1539 632 1676 656 futurarum
1694 637 1765 664 gesta
1783 634 1939 665 presentibus

94 663 181 687 miscet
204 663 285 691 rebus,
310 669 337 688 ut
362 665 395 688 ita
419 666 552 690 credantur
570 666 579 697 ΙΙ
599 666 639 690 illa
662 667 752 696 futura,
772 669 984 699 quemadmodum
1003 670 1050 693 ista
1069 675 1201 694 cernantur
1218 679 1273 695 esse
1291 672 1429 704 completa;
1446 673 1450 705 Ι
1466 681 1534 697 more
1553 675 1619 698 enim
1638 683 1684 698 suo
1703 683 1746 707 per
1765 677 1890 707 presentia
1907 677 1939 701 de

94 706 182 729 futuris
197 706 314 737 loquitur,
329 707 391 731 sicut
405 708 429 731 in
443 716 548 739 persona
558 707 561 741 Ι
570 709 722 733 Iherusalem
736 711 768 734 de
786 711 895 740 gcclesia,
915 716 940 735 et
952 712 1015 735 sicut
1027 713 1051 735 in
1066 720 1170 744 persona
1185 714 1280 738 Efraim
1294 715 1326 738 de
1338 714 1460 739 hereticis.
1485 717 1506 746 ξ.
1523 716 1527 748 Ι
1543 716 1593 741 Pro
1607 717 1676 741 factis
1690 718 1781 742 divinis
1794 718 1940 750 plerumque

94 753 118 772 et
127 748 194 772 dicta
203 755 341 780 ponuntur:
356 750 446 774 idcirco
458 751 516 782 quia
526 750 529 782 Ι
539 759 588 775 non
601 753 746 783 oper-atione
759 761 878 777 manuum
890 754 968 782 Deus,
978 755 1022 778 sed
1033 755 1131 779 dicendi
1144 756 1248 787 imperio
1258 762 1381 788 operatur,
1394 757 1406 790 ΙΙ
1418 758 1479 782 sicut
1491 759 1609 790 scriptum
1620 764 1670 783 est:
1684 760 1755 784 Dixit
1765 766 1790 784 et
1800 761 1864 785 facta
1873 767 1939 789 sunt,

93 791 223 815 mandabit
241 796 266 815 et
282 792 285 820 Ι
301 797 381 816 creata
400 798 464 816 sunt.
496 794 517 825 ξ
533 794 608 824 Quod
625 795 649 818 in
663 796 790 827 scripturis
802 797 893 820 sanctis
906 805 954 821 una
968 798 1006 820 bis
1019 798 1156 829 repperitur
1171 800 1174 829 Ι
1190 800 1321 828 sententia,
1339 805 1382 823 aut
1394 802 1598 825 conformationis
1611 810 1684 826 causa
1696 808 1735 826 est
1746 808 1790 827 aut
1801 804 1918 832 misterii;
1933 804 1937 836 Ι

93 834 156 857 sicut
174 833 214 857 lex
226 838 252 857 et
263 835 349 865 gratia,
368 836 431 859 sicut
449 836 546 860 initium
566 842 591 860 et
603 838 731 868 perfectio,
749 839 812 862 sicut
824 839 918 862 bonum
932 845 957 863 et
972 840 975 871 Ι
989 840 1085 864 melius.
1107 841 1129 872 ξ.
1142 841 1195 865 Lex
1208 842 1292 866 divina
1306 843 1329 866 in
1345 843 1422 867 tribus
1435 844 1594 876 distinguitur
1606 846 1726 876 partibus,
1741 845 1753 878 ΙΙ
1767 847 1793 870 id
1809 851 1846 870 est
1862 847 1887 870 in
1900 855 1940 878 ys-

94 877 163 903 toria,
176 877 201 899 in
213 879 336 908 preceptis
351 882 375 901 et
388 878 412 901 in
425 878 588 909 prophetans
604 880 705 904 Ystoria
718 885 756 904 est
767 880 771 913 Ι
783 881 807 904 in
820 881 859 905 his
871 890 921 913 que
932 887 1002 913 gesta
1015 889 1080 910 sunt,
1094 888 1210 915 precepta
1221 885 1246 908 in
1256 884 1295 908 his
1305 893 1353 916 que
1363 886 1428 909 iussa
1438 891 1504 915 sunt,
1517 888 1624 918 profetia
1636 887 1638 919 Ι
1651 888 1675 911 in
1685 888 1724 912 hiS
1733 897 1782 920 que
1792 889 1874 913 futura
1883 892 1928 921 pr0

94 919 205 942 nuntiata
224 924 288 943 sunt.
319 920 340 951 ξ
354 921 407 944 Lex
426 921 510 944 diuina
530 921 617 953 triplici
631 921 633 953 Ι
645 923 775 946 sentienda
795 928 832 947 est
845 924 929 947 modo.
960 925 1046 948 Primo
1058 930 1085 948 ut
1097 927 1211 957 ystorice‚
1231 927 1342 951 secundo
1357 928 1525 960 tropollogice‚
1541 930 1614 953 tertio
1625 935 1653 954 ut
1666 931 1761 955 mistice
1774 932 1938 963 intellegatur.

93 961 209 985 Ystoriee
233 970 341 994 namque
360 963 369 994 ΙΙ
388 964 456 987 iuxta
480 964 596 992 litteram,
623 965 774 997 tropologice
797 967 864 990 iuxta
888 967 1006 990 moralem
1031 968 1168 995 scientiam,
1189 969 1192 999 Ι
1211 970 1308 993 mistice
1334 971 1402 994 iuxta
1424 972 1559 1002 spiritalem
1579 973 1780 1003 intellegentiam.
1817 975 1885 1005 Ergo
1903 976 1940 999 sic

93 1004 198 1035 ystorice
215 1005 218 1036 Ι
234 1010 333 1036 oportet
353 1006 429 1029 fidem
450 1011 534 1030 tenere
552 1012 580 1030 ut
599 1015 653 1031 eam
673 1013 697 1032 et
716 1009 842 1033 moraliter
860 1009 996 1034 debeamus
1013 1011 1016 1042 Ι
1033 1011 1189 1042 interpretari
1203 1016 1228 1035 et
1241 1012 1383 1043 spiritaliter
1396 1014 1541 1044 intelligere.
1573 1015 1594 1046 ἓ.
1608 1015 1666 1038 Tria
1679 1020 1704 1039 et
1716 1020 1813 1047 septem
1830 1016 1834 1049 Ι
1850 1017 1936 1041 decem

93 1052 209 1078 precepta
231 1053 301 1075 sunt:
325 1049 370 1072 sed
395 1050 439 1072 tria
458 1049 489 1072 ad
508 1057 617 1073 amorem
637 1051 686 1074 Dei
709 1052 835 1082 pertinent
848 1052 857 1083 ΙΙ
870 1058 966 1084 septem
989 1053 1021 1076 ad
1039 1053 1170 1077 hominum
1189 1054 1357 1078 dilectionem.
1394 1056 1440 1079 Illa
1459 1057 1504 1080 tria
1523 1065 1571 1088 que
1589 1058 1621 1080 ad
1640 1058 1722 1081 Deum
1748 1059 1889 1090 petitinent,
1914 1060 1938 1083 in

93 1097 142 1113 una
161 1090 246 1114 tabula
263 1091 354 1123 scripta
372 1092 486 1119 fuerunt;
506 1092 600 1124 reliqua
618 1098 714 1124 septem
735 1093 772 1126 [in
791 1095 906 1118 secunda.

249 1181 311 1216 27.
348 1178 438 1206 Palat.
472 1187 541 1213 212,
572 1185 640 1216 post
670 1180 802 1208 medium
832 1190 909 1209 saec.
934 1181 1020 1215 VIII,
1051 1191 1067 1210 a
1099 1183 1299 1220 complun'bus
1329 1184 1452 1212 librariis
1483 1190 1629 1219 exaratus,
1663 1186 1838 1223 scripturam
1860 1187 1938 1215 illam

94 1230 225 1266 praebet,
256 1238 316 1266 qua
345 1230 464 1258 saeculo
487 1229 629 1269 VIIIJIX
660 1230 803 1259 Germani
841 1233 1009 1261 utebantur.
1043 1250 1079 1254 —
1116 1234 1182 1261 Alia
1213 1235 1367 1271 complura
1398 1235 1532 1263 eiusdem
1571 1237 1733 1273 scripturae
1775 1238 1940 1274 specimina

94 1280 219 1309 habebis
256 1282 337 1318 apud
376 1281 663 1316 LOEW-LIEBAERT,
700 1283 849 1320 Scriptura
884 1284 973 1312 latina
1007 1285 1172 1313 minuscula
1205 1286 1362 1323 antiquior.
1409 1286 1463 1314 ΠΙ.
1498 1287 1659 1324 Scriptoria
1692 1287 1881 1317 Germanica.
1901 1306 1937 1309 —

95 1340 153 1368 243
169 1333 207 1368 ><
226 1339 280 1368 172
299 1342 378 1366 mm„
403 1333 432 1360 ff.
452 1333 702 1369 72.—C0ntinet
724 1335 878 1372 complura
897 1335 1017 1364 Patrum
1039 1345 1139 1373 opera.
1185 1337 1222 1364 In
1245 1337 1293 1365 fol.
1318 1345 1366 1373 32,
1390 1338 1473 1374 quod
1497 1338 1682 1373 exhibemus,
1705 1345 1822 1376 partem
1845 1341 1939 1369 habes

94 1383 246 1411 Homiliae
282 1383 328 1411 IX
358 1384 386 1412 b.
417 1383 551 1422 Gregorii
582 1385 624 1413 M.
658 1385 689 1413 in
718 1385 907 1415 Ezechielem
943 1387 1002 1424 (ed.
1034 1387 1154 1421 MIGNE,
1193 1387 1248 1415 ΡΡ.
1282 1388 1339 1415 LL.
1371 1389 1512 1423 LXXVI,
1544 1390 1614 1426 877,
1648 1400 1676 1418 n.
1704 1391 1846 1429 15—17).
1893 1392 1937 1421 Cf.

94 1434 356 1463 RnrrFERscnnm
379 1435 394 1462 l.
408 1445 431 1463 c.
444 1445 493 1472 pp.
520 1436 703 1472 227—228:
728 1437 915 1466 STEVENSON
939 1439 954 1465 l.
968 1448 991 1466 c.
1005 1447 1053 1475 pp.
1077 1446 1212 1474 ,ΙΙ-45.
1289 1444 1314 1479 «ΙΙ
1342 1447 1434 1471 Beatus
1450 1455 1508 1479 ergo
1520 1448 1566 1472 Iob
1580 1449 1644 1472 inter
1657 1449 1753 1480 linguas
1766 1449 1937 1481 derogantium

92 1484 184 1508 inflexa
203 1490 287 1508 mente
305 1485 460 1517 persistens],
485 1486 543 1517 quia
562 1487 588 1510 in
607 1491 670 1510 teria
688 1495 715 1510 se
733 1488 864 1519 inpugnari
882 1488 950 1512 falsis
968 1489 1124 1512 sermonibus
1142 1490 1212 1515 vidit,
1233 1489 1300 1513 melo
1319 1494 1408 1513 testem
1429 1491 1545 1522 quesiuit.
1562 1491 1566 1522 Ι
1583 1492 1651 1515 Hinc
1669 1492 1748 1515 Isaias
1766 1493 1814 1516 ait:
1829 1490 1939 1524 ‘Popule

93 1535 172 1555 meus,
190 1528 234 1559 qui
252 1528 399 1552 beatificant
417 1533 450 1556 te,
469 1529 515 1560 ipsi
535 1534 559 1552 te
577 1530 704 1561 decipiunt
723 1535 748 1554 et
763 1530 768 1563 Ι
783 1531 850 1554 uiam
869 1538 997 1562 gressuum
1018 1531 1116 1555 tuorum
1137 1531 1274 1564 dissipant’.
1311 1533 1361 1564 Qui
1379 1533 1497 1557 uidelicet
1516 1534 1624 1565 populus
1642 1542 1673 1558 ne
1691 1535 1768 1558 uerba
1780 1543 1823 1558 sue
1838 1535 1842 1567 Ι
1859 1535 1939 1559 laudis

68 1578 78 1596 s
92 1570 239 1594 adtenderet
258 1575 283 1594 et
301 1571 325 1594 in
344 1571 422 1602 culpis
441 1571 513 1595 altius
526 1572 624 1603 periret,
643 1573 727 1596 statim
742 1573 765 1596 ei
778 1573 868 1597 dicitur
880 1581 955 1605 quem
968 1574 978 1605 ΙΙ
991 1575 1103 1605 aspiciat,
1121 1576 1190 1599 cuius
1209 1576 1327 1599 iudicium
1347 1577 1514 1607 pertimescat,
1533 1584 1588 1600 cum
1608 1577 1736 1602 subditur:
1755 1576 1820 1602 ‘Stat
1832 1579 1865 1603 ad
1876 1579 1938 1603 iudi-

54 1706 78 1719 10

53 1964 78 1977 20

91 1613 198 1637 mudum
214 1614 217 1645 !
234 1614 367 1642 Dominus,
391 1619 443 1638 stat
466 1615 498 1638 ad
522 1615 668 1639 iudimndos
692 1614 822 1647 populos’;
847 1624 875 1640 ac
899 1618 920 1639 si
944 1622 1029 1648 aperte
1056 1618 1190 1642 diceretur:
1216 1619 1305 1642 iudicia
1331 1618 1448 1650 humafua
1466 1627 1509 1643 cur
1527 1621 1645 1651 sequeris,
1670 1621 1714 1652 qui
1737 1626 1803 1645 stare
1821 1626 1938 1654 superte

92 1656 224 1680 oeelestem
248 1657 356 1680 iudicem
381 1657 445 1680 suis?
481 1657 516 1680 16.
536 1657 604 1681 Hinc
628 1662 666 1681 est
690 1659 758 1689 quod
777 1659 915 1682 Iohannem
932 1659 936 1689 Ι
952 1660 1092 1691 Baptistam
1112 1661 1212 1684 Veritas
1237 1669 1292 1685 esse
1315 1662 1461 1685 arundinem
1486 1667 1563 1686 uento
1587 1663 1705 1694 agitatam
1724 1668 1797 1694 negat
1815 1664 1912 1688 dicens:
1933 1663 1936 1697 Ι

91 1696 169 1730 ‘Quid
187 1699 272 1722 existis
290 1699 375 1723 videre
393 1700 418 1723 in
437 1700 544 1728 deserto,
563 1701 708 1724 arundinem
727 1706 804 1725 uento
822 1700 968 1733 agitatam’?
1004 1702 1079 1733 Quod
1098 1703 1156 1734 quia
1169 1703 1179 1735 ΙΙ
1192 1704 1308 1734 negando
1327 1704 1424 1732 dixerit,
1449 1712 1498 1728 non
1517 1705 1684 1733 adfirmando,
1707 1706 1839 1730 subiuncta
1861 1707 1938 1730 uerba

92 1746 220 1766 testantur.
256 1743 302 1765 Ait
321 1743 400 1766 enim:
417 1741 421 1775 Ι
437 1741 497 1767 ‘Sed
515 1744 576 1775 quid
594 1744 680 1767 existis
698 1745 782 1768 videre
801 1745 826 1768 in
845 1745 944 1769 deserto
962 1744 1091 1768 hominem
1111 1745 1245 1776 (mollibus)
1265 1747 1402 1770 uestitum?
1438 1748 1503 1771 Ecce
1527 1748 1570 1778 qui
1588 1748 1706 1772 mollibus
1721 1747 1725 1778 Ι
1741 1749 1889 1778 uestiuntur,
1913 1750 1938 1773 in

91 1784 208 1808 domibus
226 1792 311 1816 regum
330 1783 404 1809 sunt’.
441 1786 549 1809 Arundo
567 1791 651 1810 autem
669 1792 747 1810 uento
759 1787 860 1818 agitata.
879 1788 956 1811 modo
969 1787 1071 1812 flatibus
1088 1788 1091 1819 Ι
1107 1789 1216 1819 erigitur,
1234 1789 1312 1812 modo
1331 1789 1433 1813 flatibus
1450 1790 1587 1814 inclinatur.
1624 1791 1714 1815 Omnis
1728 1796 1811 1815 autem
1824 1793 1938 1816 infirmus

67 1835 77 1854 5
90 1827 196 1855 animus,
209 1827 253 1858 qui
264 1827 305 1851 uel
318 1827 488 1860 derogatiolne
501 1829 607 1852 deicitur
617 1829 658 1852 uel
671 1829 785 1853 laudibus
798 1830 929 1858 exaltatur,
941 1831 1037 1854 arundo
1050 1835 1128 1854 uento
1139 1831 1232 1862 agitata
1245 1838 1295 1859 est;
1316 1832 1384 1863 quod
1398 1832 1523 1856 Iohannes
1537 1833 1546 1864 ΙΙ
1559 1840 1610 1856 non
1623 1839 1683 1862 erat,
1696 1834 1755 1865 quia
1773 1834 1936 1858 inflexibilem

91 1870 181 1893 mentis
205 1871 323 1894 uerticem
349 1871 412 1894 inter
435 1871 520 1895 laudes
545 1871 675 1895 hominum
700 1877 725 1896 et
749 1872 930 1904 delrogationes
955 1873 1062 1897 tenebat.
1110 1879 1147 1903 17.
1166 1874 1216 1898 Sed
1241 1881 1356 1905 maguam
1382 1874 1568 1905 inquisitionem
1594 1875 1689 1906 indiget
1713 1883 1758 1904 res,
1786 1883 1842 1899 cum
1858 1875 1862 1907 Ι
1878 1876 1938 1899 recti

90 1912 173 1944 operis
191 1913 258 1936 uiam
285 1918 406 1942 tenemus,
429 1918 511 1937 utrum
537 1922 636 1946 semper
661 1915 788 1946 despicere
815 1915 989 1946 derogantium
1013 1916 1089 1939 uerba
1114 1916 1267 1948 delbeamus,
1292 1924 1323 1940 an
1347 1921 1413 1940 certe
1436 1917 1571 1948 aliquando
1595 1925 1750 1949 conpescere.
1787 1918 1828 1942 De
1845 1926 1895 1949 qua
1913 1925 1938 1942 re

91 1955 219 1979 sciendum
233 1960 278 1984 est,
297 1957 355 1987 quia
369 1956 463 1988 linguas
479 1957 483 1988 Ι
499 1957 693 1987 detrahentium,
711 1958 775 1982 sicut
786 1963 873 1982 nostro
891 1959 976 1982 studio
994 1967 1044 1983 non
1063 1960 1184 1983 debemus
1203 1960 1316 1988 excitare,
1342 1967 1373 1983 ne
1392 1960 1440 1990 ipsi
1458 1965 1569 1991 pereant,
1594 1961 1628 1984 ita
1646 1968 1691 1992 per
1708 1968 1778 1984 suam
1791 1960 1801 1993 ΙΙ
1814 1960 1935 1984 malitiam

91 1999 218 2027 exdtatas,
237 1999 358 2023 debemus
376 2000 559 2031 aequanimiter
577 2000 689 2029 tolerare,
708 2005 736 2024 ut
748 2001 821 2024 nobis
834 2002 951 2025 meritum
964 2007 1069 2029 crescam
1087 2002 1090 2033 Ι
1106 2002 1241 2034 aliquando
1253 2006 1337 2026 autem
1351 2002 1427 2025 etiam
1439 2010 1606 2033 compescere,
1625 2011 1656 2026 ne
1669 2003 1728 2026 dum
1742 2003 1774 2027 de
1786 2003 1859 2027 nobis
1871 2003 1938 2027 mala

91 2041 262 2070 disseminant,
281 2049 367 2065 eor-um
386 2042 429 2074 qui
445 2043 449 2074 Ι
464 2043 550 2066 audire
568 2051 614 2066 nos
631 2044 665 2067 ad
682 2043 749 2067 bona
767 2048 891 2075 poterant,
910 2045 985 2068 corda
1002 2044 1173 2068 innocentium
1193 2049 1359 2076 corrumpant.
1396 2045 1465 2068 Hinc
1483 2051 1521 2069 est
1537 2045 1541 2076 Ι
1556 2045 1649 2069 etenim
1668 2046 1737 2077 quod
1754 2045 1880 2069 Iohannes
1892 2045 1936 2069 ob-

53 2092 63 2105 2
92 2084 229 2107 trectatoris
253 2085 291 2107 sui
315 2084 424 2116 linguam
448 2085 571 2117 redarguit
596 2086 697 2109 dicens:
721 2084 754 2109 ‘Is
781 2087 823 2117 qui
839 2086 842 2117 Ι
858 2092 925 2110 amat
946 2087 1079 2118 primatum
1097 2094 1183 2118 gerere
1201 2088 1226 2110 in
1245 2087 1280 2110 eis
1298 2087 1427 2118 Diotrepis
1447 2095 1497 2110 non
1516 2089 1602 2119 recipit
1620 2095 1678 2115 nos;
1704 2093 1807 2119 propter
1824 2087 1879 2116 hoc,
1891 2087 1902 2119 ΙΙ
1916 2088 1936 2112 si

90 2134 183 2150 uenero
201 2131 227 2150 et
244 2135 417 2151 commoneam
436 2128 489 2152 eius
507 2135 591 2160 opera,
610 2136 675 2160 quae
694 2129 760 2156 facit,
778 2129 861 2153 uerbis
880 2129 995 2160 malignis
1012 2130 1121 2160 garriens
1140 2130 1164 2153 in
1183 2138 1236 2153 nos.

246 2211 308 2244 28.
342 2215 432 2243 Palat.
464 2214 534 2251 966,
567 2215 636 2243 olim
668 2216 840 2244 monasterii
869 2216 896 2244 S.
928 2216 1049 2244 Nazarii
1079 2216 1344 2245 Laureshamensis
1376 2217 1509 2255 (Lorsch‚
1542 2227 1566 2244 v.
1599 2217 1683 2245 Mon.
1715 2218 1816 2246 Germ.
1840 2217 1936 2251 SS.1,

93 2265 152 2303 21),
188 2266 374 2303 conscriptus
405 2276 452 2294 an.
486 2274 541 2303 701
578 2267 615 2303 (v.
647 2268 664 2294 f.
695 2267 757 2305 oo),
796 2268 968 2305 exemplum
998 2268 1123 2305 praebet
1153 2269 1316 2306 scripturae
1346 2269 1504 2297 nationalis
1537 2268 1737 2297 Germanicae
1760 2268 1797 2306 (v.
1822 2269 1935 2297 Lossw-

92 2316 257 2345 LIEBAERT
281 2317 297 2345 l.
313 2327 336 2345 c.
354 2317 410 2345 III.
426 2318 585 2355 Scriptoria
602 2318 804 2356 Germanica).
850 2319 996 2347 Adiectae
1012 2324 1080 2347 sunt
1095 2320 1217 2347 notulae
1232 2320 1334 2348 litteris
1351 2320 1568 2357 Merovingicis.
1659 2319 1717 2356 265
1731 2320 1767 2357 ><
1783 2328 1841 2356 170
1856 2329 1936 2354 mm„

92 2369 122 2398 ff.
147 2376 195 2405 59.
220 2386 261 2390 —
284 2369 427 2397 Continet
450 2370 547 2398 codex
576 2369 603 2407 1)
628 2371 657 2398 ff.
686 2379 784 2407 1-53
811 2370 977 2399 Historiam
1000 2370 1192 2404 Francorum,
1217 2380 1306 2408 quam
1332 2376 1399 2408 post
1421 2371 1495 2399 alios
1518 2372 1612 2399 edidit
1634 2371 1809 2408 praesertim
1826 2380 1863 2399 ex
1878 2371 1937 2399 hoc

91 2420 196 2448 codice
227 2420 376 2454 KRuscn,
409 2420 493 2448 Mon.
525 2421 626 2450 Germ.
657 2421 706 2449 SS.
738 2421 902 2459 Meroving.
928 2421 966 2455 11,
993 2422 1174 2458 215-2282
1208 2421 1238 2459 2)
1262 2423 1291 2449 fs.
1317 2426 1460 2459 §SV-‘59
1485 2423 1618 2450 Annales
1642 2422 1836 2456 Nazarianos,
1859 2431 1936 2459 quos

92 2471 184 2499 habes
207 2472 289 2508 apud
314 2471 425 2505 PERTZ,
450 2472 535 2500 Mon.
560 2472 660 2501 Germ.
685 2473 732 2501 SS.
758 2473 780 2506 I,
806 2481 939 2508 21—44.
962 2490 1003 2493 -—
1028 2472 1119 2508 Quod
1135 2473 1311 2501 exhibemus
1328 2474 1345 2501 f.
1363 2477 1417 2509 53v
1440 2473 1618 2510 principium
1634 2474 1758 2510 praebet
1774 2473 1935 2501 Annalium

92 2522 331 2551 Nazarianorum
360 2533 384 2550 v.
416 2524 498 2560 apud
530 2523 633 2551 Pmrz
666 2524 681 2551 l.
705 2533 729 2551 c.
759 2533 787 2561 p.
821 2532 858 2560 23
875 2533 912 2553 ss.
936 2541 976 2544 —-
1001 2524 1045 2553 Cf.
1078 2524 1188 2552 PERTz'
1223 2524 1333 2552 Archiv
1366 2524 1391 2551 V
1424 2523 1542 2562 (1825),
1582 2524 1638 2552 106
1650 2534 1688 2559 s.;
1714 2524 1825 2558 PERTz,
1850 2524 1934 2553 Mon.

92 2573 192 2601 Germ.
217 2573 266 2602 SS.
291 2574 315 2609 Ι,
341 2582 481 2610 21—44;
507 2575 647 2602 KRuscn
672 2575 688 2602 l.
712 2584 735 2603 c.
760 2575 799 2609 II,
825 2583 883 2611 227
897 2585 935 2610 s.;
961 2575 1059 2608 FALK,
1085 2575 1271 2604 Bibliotheca
1294 2575 1487 2604 Lauresham.
1511 2585 1539 2612 p.
1563 2574 1611 2603 68.
1635 2592 1677 2596 -—
1701 2575 1834 2603 Alteram
1858 2575 1936 2603 eius-

92 2626 161 2652 dem
185 2625 296 2653 codicis
320 2626 479 2663 imaginem
502 2626 597 2654 habes
619 2626 700 2663 apud
725 2626 828 2654 PERTZ
852 2627 867 2654 l.
892 2636 915 2654 c.
939 2627 997 2655 tab.
1024 2635 1049 2654 2.
1136 2631 1161 2666 ql
1173 2634 1243 2657 Anni
1257 2634 1289 2657 ab
1309 2634 1477 2657 inoematione
1494 2634 1607 2657 Domini.
1626 2633 1837 2658 An.DCCVH1.
1850 2633 1937 2664 Drogo

92 2679 211 2698 mortuus.
239 2674 242 2705 Ι
269 2676 320 2698 An.
349 2675 509 2699 DCCVIHI.
537 2676 614 2699 durus
645 2682 668 2699 et
699 2676 819 2700 deficiens
846 2677 940 2700 fructus
965 2681 990 2700 et
1014 2676 1162 2700 Gotofridus
1185 2681 1298 2700 mort-uus
1323 2681 1368 2700 est.
1394 2676 1398 2707 Ι
1422 2678 1473 2699 An.
1493 2676 1602 2700 DCCX.
1628 2676 1751 2708 Pippinus
1776 2675 1885 2708 perrexit
1910 2675 1934 2698 in

67 2725 77 2743 3
92 2716 261 2740 Alamaniam.
281 2717 290 2749 ΙΙ
310 2719 361 2742 An.
381 2717 502 2742 DCCXI.
523 2719 598 2750 Aque
623 2719 807 2743 inundauerunt
833 2719 908 2743 ualde
926 2725 951 2743 et
969 2727 1036 2743 mors
1061 2719 1214 2743 Hildeberti.
1237 2721 1240 2749 Ι
1262 2721 1313 2743 An.
1341 2719 1476 2743 DCCXIL
1496 2720 1565 2743 Mers
1583 2719 1610 2750 (1.
1629 2718 1707 2751 mors)
1726 2718 1854 2742 Hen'berti
1871 2718 1935 2749 regis

93 2759 322 2790 Langobardorum.
345 2762 348 2790 Ι
370 2762 420 2783 An.
449 2760 598 2785 DCCXIII.
630 2762 700 2784 Mors
732 2761 830 2786 Alflide
863 2767 887 2785 et
916 2762 1041 2785 Halidulfi
1068 2762 1139 2792 regis.
1164 2762 1168 2794 Ι
1192 2764 1243 2786 An.
1271 2762 1436 2786 Dccxmx.
1472 2762 1596 2793 Pippinus
1625 2762 1758 2785 defunctus
1786 2765 1831 2784 est.
1856 2760 1860 2792 Ι
1883 2761 1934 2783 An.
