2151 3261
971 243 1252 271 —XXIII—

200 337 332 361 DCCXV.
352 337 439 368 Pugna
457 337 609 361 Francorum
630 341 654 360 et
679 344 744 360 mors
762 337 898 367 Dagoberti
918 336 987 367 regis.
1002 336 1010 366 ΙΙ
1024 337 1074 359 An.
1088 336 1236 360 DCCXVI.
1261 336 1384 366 Pugnauit
1403 335 1505 359 Carolus
1524 340 1609 358 contra
1631 334 1753 358 Ratboth.
1771 333 1774 366 Ι
1790 336 1840 358 An.
1860 334 2022 358 DCCXVH.
2041 340 2047 351 ¹

198 380 321 410 Pugnauit
354 379 456 403 Carolus
483 384 567 402 contra
597 377 811 410 Raghenliredum
842 379 866 401 'm
896 378 1018 409 Uinciago
1044 379 1069 401 in
1106 378 1229 401 dominica
1256 378 1304 401 die.
1329 377 1332 410 Ι
1360 379 1410 401 ΑΒ.
1442 377 1617 401 DCCXVIH.
1653 378 1770 401 Uastauit
1797 377 1889 401 Karlus
1917 377 2024 401 Saxonia

2050 340 2062 351 ο

198 421 268 452 plaga
292 429 386 452 magna.
410 421 413 453 Ι
434 423 484 444 An.
502 421 692 445 DCCXVHII.
711 421 810 445 Occisio
835 421 985 444 Francorum
1011 420 1044 443 ad
1067 420 1206 444 Suessionis
1230 419 1347 452 ciuilitate
1369 425 1393 443 et
1418 427 1483 443 mors
1503 420 1616 443 Ratboti.
1639 420 1642 450 Ι
1664 421 1714 442 An.
1735 419 1872 443 DCCXX.
1900 419 2025 450 Pugnauit
2040 424 2063 443 ¹5

198 464 292 487 Karlus
320 469 404 488 contra
437 464 554 487 Saxones.
581 463 584 494 Ι
608 465 659 487 An.
686 463 837 486 DCCXXI.
865 463 946 485 Eiecit
974 463 1066 486 Heudo
1090 463 1204 486 Sarcinos
1231 462 1262 485 de
1286 462 1427 493 Equitania.
1449 462 1453 492 Ι
1475 463 1524 484 Αη.
1552 462 1717 485 DCCXXII.
1747 462 1838 492 Magna
1864 461 1977 485 fertilitas
2001 466 2026 484 et

198 506 262 530 bella
283 512 367 530 contra
383 505 386 537 Ι
402 506 564 537 Aquilonem.
578 505 587 537 ΙΙ
600 507 650 529 An.
668 505 846 529 DCCXXHI.
866 505 924 528 Duo
944 505 989 527 filii
1013 505 1125 535 Drogoni
1146 505 1214 535 ligati
1232 504 1368 536 Arnolldus
1393 510 1417 528 et
1440 512 1502 528 unus
1527 510 1638 527 mortuus
1666 509 1689 527 et
1708 504 1802 527 Karlus
1818 502 1822 536 Ι
1838 504 1985 527 infirmatus.
2008 504 2011 535 Ι
2042 508 2066 521 ²0

198 551 248 572 An.
269 548 462 572 DCCXXIHI.
482 548 588 571 Leuauit
608 547 645 579 [se
664 546 839 578 Raginfridus]
859 552 942 570 contra
961 547 1034 570 Carlo
1054 552 1077 570 et
1096 547 1182 570 Carlus
1201 547 1308 578 perrexit
1326 547 1358 570 ad
1377 547 1530 577 Andegauis,

354 647 415 680 29.
450 642 539 670 Palat.
576 642 661 676 1448,
692 641 761 668 olim
793 641 963 669 monasterii
994 641 1020 668 S.
1052 641 1170 668 Martini
1202 641 1370 678 Moguntini
1409 642 1445 677 (fv.
1476 642 1493 668 f.
1527 641 1565 675 2),
1599 642 1684 669 variis
1715 641 1850 669 manibus
1881 642 2027 678 variisque

199 694 382 730 temporibus
421 697 570 726 exaratus;
616 693 710 728 prima
741 701 816 728 pars,
854 697 885 719 ut
916 692 1039 725 videtur,
1077 692 1204 719 Treviris
1236 692 1273 728 (v.
1304 693 1322 719 f.
1362 692 1401 729 8).
1505 692 1691 730 205><2oo
1722 701 1799 725 mm.,
1833 693 1862 719 ff.
1898 700 1962 720 122.
1987 709 2025 714 —

200 744 341 773 Continet
371 744 580 780 opusculorum
612 743 650 770 de
680 747 823 779 computo
852 748 881 770 et
910 743 1024 770 ratione
1054 748 1223 779 temporum
1253 743 1467 776 collectionem,
1498 752 1573 770 saec.
1602 742 1677 770 XVI
1711 743 1896 779 inscriptam:
1935 742 2028 771 ‘Ordo

199 795 300 823 solaris
331 795 418 822 anni'.
441 810 483 814 -—
507 793 598 828 Quod
630 793 805 821 exhibemus
837 793 885 821 fol.
914 801 947 828 17
980 794 1041 821 duo
1071 798 1210 830 excerpta
1233 794 1366 821 continet
1388 803 1434 821 an.
1460 793 1520 821 810
1543 794 1709 830 conscripta
1734 793 1866 830 (MffiNE,
1892 793 1945 820 ΡΡ.
1969 793 2027 821 LL.

200 845 311 879 LXIX,
350 853 428 881 1250
463 850 490 872 et
525 844 671 877 CXXIX,
710 844 935 881 1308-1309).
974 861 1013 863 -
1048 844 1091 872 Cf.
1117 844 1303 871 BETHMANN
1337 845 1366 871 in
1401 844 1512 872 PERTZ'
1548 844 1656 871 Archiv
1694 844 1756 871 XII
1796 843 1912 881 (1872),
1951 852 2027 880 355;

200 896 460 924 Rnffrnnscnnm
492 896 507 923 l.
531 905 555 923 c.
579 895 601 929 I,
628 895 810 931 285-288;
845 896 884 922 de
914 895 1084 923 huiusmodi
1115 894 1337 922 collectionibus
1360 904 1385 922 v.
1411 895 1442 922 B.
1468 895 1616 928 Knuscn,
1646 895 1770 922 Studien
1793 904 1843 922 zur
1866 895 2028 922 christlich-

199 947 462 975 mittelalterlichen
491 946 699 983 Chronologie.
745 946 873 983 Leipzig,
902 945 987 979 1880,
1010 955 1037 983 p.
1066 953 1120 981 195
1135 954 1171 973 SS.
1244 950 1269 984 ἾΙ
1280 953 1365 976 tertiae
1383 953 1433 976 duo
1451 953 1515 976 fiunt
1534 952 1607 976 simul
1622 953 1709 981 XCII,
1727 952 1773 976 hos
1786 958 1876 984 partire
1888 953 1913 975 in
1925 957 2030 985 septemy

199 1001 309 1020 remanet
329 1004 385 1024 una,
409 996 462 1027 ipsa
481 1000 519 1019 est
534 994 537 1027 Ι
553 995 677 1019 dominica
695 995 798 1026 pascalis
817 995 882 1018 testi.
918 995 959 1019 Sic
977 995 1114 1026 quamlibet
1132 995 1198 1018 diem
1217 1002 1231 1017 a
1249 994 1361 1018 kalendis
1380 995 1482 1018 ianuarii
1500 1002 1579 1025 usque
1595 993 1599 1026 Ι
1615 995 1718 1017 XXXI
1737 995 1802 1018 diem
1822 995 1914 1017 mensis
1933 995 2030 1017 decem-

199 1039 245 1062 brii
270 1043 346 1070 quota
370 1039 444 1062 suerit
468 1038 579 1061 inuenies
603 1038 762 1068 conputando
783 1036 787 1068 Ι
809 1042 836 1061 ut
861 1042 886 1061 et
910 1037 1045 1068 regularem
1070 1045 1145 1060 unum
1170 1042 1195 1061 et
1219 1041 1390 1060 concurrentes
1414 1037 1466 1060 dies
1492 1042 1516 1060 et
1535 1045 1598 1068 quae
1617 1045 1630 1059 a
1650 1037 1759 1060 ianuario
1772 1036 1781 1067 ΙΙ
1795 1044 1893 1067 semper
1910 1037 2031 1067 incipiunt
2059 1043 2069 1061 5

200 1082 290 1112 pariter
307 1081 430 1104 adsumas.
468 1081 611 1112 Expliciunt
628 1084 773 1111 argumenta
791 1079 941 1111 paschalium
963 1080 1096 1103 titulorum.
1134 1080 1223 1111 Incipit
1242 1079 1377 1103 calculatio.

352 1172 415 1205 30.
451 1167 552 1204 Regin.
577 1174 625 1202 95,
649 1167 718 1194 olim
742 1166 911 1194 monasterii
928 1166 955 1193 S.
975 1166 1130 1193 Maximini
1147 1166 1333 1193 Miciacensis
1357 1165 1459 1202 (Micy,
1484 1175 1509 1192 v.
1527 1166 1544 1192 s.
1563 1165 1645 1202 229),
1669 1166 1734 1192 circ.
1758 1174 1804 1192 an.
1830 1164 1890 1201 850
1913 1166 1943 1192 in
1966 1165 2031 1202 ipso

202 1218 375 1246 Miciacensi
405 1218 585 1245 monasterio
616 1217 700 1245 variis
731 1217 867 1244 manibus
898 1222 1034 1244 exaratus
1073 1221 1115 1244 est
1147 1217 1226 1244 iussu
1255 1221 1284 1244 et
1313 1216 1420 1252 partim
1450 1225 1542 1253 opera
1576 1224 1613 1243 av,
1644 1217 1662 1243 s.
1695 1221 1766 1252 229)
1802 1216 1879 1243 Petri
1916 1216 2032 1243 abbatis

202 1268 402 1305 (840-859),
490 1275 552 1302 320
570 1268 605 1304 ><
622 1267 679 1303 205
705 1277 783 1300 mm.,
807 1268 836 1294 ff.
856 1275 923 1303 229.
937 1266 1129 1295 ——Continet
1153 1267 1179 1295 S.
1205 1267 1309 1294 Hilarii
1327 1266 1395 1294 Pict.
1420 1272 1577 1294 tractatum
1600 1275 1689 1303 super
1712 1266 1853 1294 psalmos.
1877 1283 1918 1286 —
1941 1266 2032 1301 Quod

202 1319 376 1347 exhibemus
400 1319 448 1346 fol.
475 1322 548 1353 214V
570 1323 684 1355 partem
709 1318 840 1346 continet
863 1318 1067 1345 commentarii
1090 1318 1120 1345 in
1136 1317 1181 1347 Ps.
1198 1317 1328 1345 CXLIII
1353 1317 1411 1354 (ed.
1430 1318 1550 1350 Mmm,
1568 1317 1622 1344 ΡΡ.
1641 1317 1698 1344 LL.
1716 1317 1772 1350 IX,
1788 1316 1975 1353 852—853).
1995 1334 2022 1337 -ν

201 1370 245 1398 Cf.
276 1370 537 1397 REIFFERSCHEID
567 1369 582 1396 I.
607 1379 629 1397 c.
654 1369 676 1401 Ι,
708 1368 783 1405 309;
816 1369 1019 1396 ARNAULDET
1041 1369 1071 1396 in
1095 1369 1167 1396 Eun,
1197 1369 1261 1397 Soc.
1292 1369 1481 1405 Antiquaires
1511 1369 1549 1396 de
1573 1368 1685 1396 France
1726 1367 1833 1405 (1904)
1859 1375 2032 1404 220—227.

201 1418 226 1452 ἹΙ
244 1419 320 1442 homo
344 1420 396 1450 ipse
421 1419 505 1443 decem
527 1418 676 1450 quibusdam
695 1418 792 1442 chordis
811 1418 927 1441 manibus
945 1426 973 1441 ac
991 1418 1096 1449 pedibus
1115 1422 1229 1441 extentus
1254 1417 1389 1449 perfectus]
1414 1418 1560 1449 spiritalium
1585 1426 1687 1449 operum
1706 1425 1806 1441 suorum
1825 1423 1895 1448 gestu
1914 1423 2035 1448 motuque

200 1462 235 1485 sic
247 1461 342 1493 psallet,
355 1467 384 1485 ut
395 1462 535 1485 cantionem
548 1460 610 1484 hanc
623 1468 714 1484 nouam
726 1459 730 1492 Ι
741 1465 835 1484 cantet:
851 1460 910 1491 *Qui
922 1461 967 1483 das
979 1460 1084 1484 salutem
1097 1460 1212 1491 regibus'‚
1231 1461 1328 1491 regibus
1341 1461 1431 1491 quibus
1445 1461 1537 1484 dictum
1551 1465 1602 1483 est:
1617 1460 1718 1483 *Uenite
1731 1460 1855 1484 benedicti
1867 1460 1870 1492 Ι
1882 1460 1962 1483 Patris
1976 1460 2034 1488 mei,

201 1504 328 1535 possidete
339 1507 513 1535 praeparatum
526 1503 599 1526 uobis
617 1510 720 1534 regnum
739 1511 753 1526 a
771 1503 948 1526 constitutione
965 1503 1068 1529 mundi'.
1088 1503 1131 1533 qui
1143 1502 1248 1535 nobilles
1261 1503 1380 1534 ligabunt,
1398 1504 1442 1534 qui
1456 1511 1524 1534 reges
1537 1503 1639 1526 manicis
1653 1508 1677 1527 et
1691 1503 1843 1534 conpedibus
1858 1503 2034 1533 constringent,

201 1547 245 1578 qui
263 1546 409 1570 iudicabunt
421 1546 431 1577 ΙΙ
443 1550 547 1577 arguent
564 1546 734 1570 uindicabunt.

353 1638 411 1672 31.
444 1634 536 1662 Vatic.
561 1641 651 1670 5775.
675 1634 744 1661 olim
769 1633 939 1661 monasterii
966 1633 993 1661 S.
1018 1632 1197 1660 Columbani
1221 1633 1260 1660 de
1284 1632 1379 1660 Bobio
1404 1636 1441 1669 (ν.
1466 1633 1482 1659 f.
1509 1631 1562 1669 2V),
1585 1632 1708 1668 scriptus
1732 1641 1778 1659 an.
1803 1631 1861 1659 802
1888 1632 1925 1668 (ν.
1950 1632 1966 1658 f.
1992 1632 2035 1667 εν)

202 1685 362 1713 Terdonae
385 1684 543 1722 (Tortona)
567 1685 647 1712 iussu
671 1685 802 1721 episcopi
819 1684 958 1712 Teudulfi
981 1684 1018 1714 (v.
1043 1684 1059 1710 f.
1086 1687 1118 1710 2V
1134 1690 1146 1717 l,
1171 1683 1341 1720 exemplum
1356 1684 1480 1720 praebet
1496 1684 1656 1720 scripturae
1672 1682 1855 1710 minusculae
1871 1682 2036 1715 Carolinae,

203 1745 263 1773 qua
300 1736 458 1764 utebantur
496 1736 603 1763 librarii
637 1735 741 1763 Italiae
775 1735 1021 1772 septentrionalis.
1144 1743 1202 1771 347
1224 1735 1258 1771 ><
1284 1742 1343 1770 270
1378 1744 1455 1768 mm.,
1497 1735 1526 1762 ff.
1567 1734 1631 1770 150.
1691 1733 1807 1761 Claudii
1845 1733 2036 1761 Taurinensis

203 1786 426 1815 Commentaria
452 1786 483 1814 in
512 1786 651 1823 epistulas
681 1787 720 1814 ad
749 1786 880 1814 Corinth.
904 1802 944 1806 —
969 1785 1061 1821 Quod
1093 1786 1268 1814 exhibemus
1298 1786 1346 1813 fol.
1372 1789 1403 1813 2v
1426 1791 1541 1822 partem
1573 1785 1716 1822 epistulae
1740 1784 1881 1812 Teuduifi
1905 1785 2037 1821 episcopi

205 1837 409 1865 Terdonensis
433 1837 573 1870 continet,
598 1846 657 1874 qua
681 1837 786 1864 librum
809 1842 942 1865 nostrum
965 1837 992 1865 S.
1017 1837 1206 1865 Columbano
1231 1838 1270 1865 de
1293 1837 1389 1865 Bobio
1413 1837 1500 1865 offert
1523 1836 1582 1874 (ed.
1599 1836 1677 1869 MAi,
1701 1836 1845 1864 Veterum
1861 1836 2037 1872 scriptorum

203 1897 282 1916 nova
312 1888 454 1916 collectio.
479 1888 604 1921 Romae,
634 1888 695 1915 VII
727 1887 843 1925 (1833),
877 1888 951 1924 276:
983 1889 1015 1916 E.
1040 1889 1214 1916 DUMMLER
1244 1889 1273 1915 in
1300 1888 1402 1916 Neues
1434 1888 1542 1915 Archiv
1572 1887 1598 1914 V
1635 1886 1750 1924 (1879),
1781 1894 1857 1922 ,129;
1892 1887 1929 1913 id.
1954 1886 2037 1914 Mon.

204 1939 304 1967 Germ.
328 1939 420 1976 Epist.
443 1939 509 1967 aevi
533 1939 634 1967 Karol.
660 1939 698 1972 II,
724 1938 804 1976 588).
851 1939 895 1967 Cf.
920 1940 957 1967 N.
979 1940 1157 1973 ANTons,
1182 1939 1368 1967 Bibliotheca
1384 1939 1520 1975 Hispana
1545 1943 1635 1966 vetus.
1653 1938 1772 1970 Matriti‚
1796 1937 1810 1965 I
1828 1936 1944 1974 (1788),
1961 1938 2038 1971 400;

206 1990 274 2017 MAI
297 1990 312 2017 l.
337 2000 359 2018 c.
384 1990 452 2023 VII,
478 1998 552 2026 2743
577 1990 665 2023 idem,
689 1990 877 2027 Spicilegium
901 1991 1080 2018 Romanum.
1106 1991 1230 2023 Romae,
1254 1990 1298 2017 IX
1323 1989 1439 2027 (1843),
1468 1989 1540 2024 108;
1565 1989 1686 2022 MlGNE,
1711 1988 1765 2016 ΡΡ.
1790 1988 1846 2015 LL.
1865 1988 1943 2021 CIV,
1967 1987 2037 2023 834.

205 2050 278 2078 911;
314 2041 501 2069 BETHMANN
531 2042 560 2068 in
592 2041 703 2069 PERTZ’
736 2041 844 2069 Archiv
868 2041 931 2069 XII
963 2041 1080 2079 (1872),
1110 2050 1185 2077 252:
1222 2042 1256 2069 T.
1286 2041 1448 2069 GOTTLIEB
1479 2041 1508 2068 in
1539 2040 1701 2068 Centralbl.
1729 2041 1746 2067 f.
1772 2039 1971 2067 Bibl.-Wesen
1996 2039 2038 2066 IV

206 2092 322 2129 (1887),
352 2100 429 2129 453ζ
455 2091 490 2121 O.
515 2092 652 2120 SEEBASS
677 2092 693 2119 l.
718 2102 741 2120 c.
764 2092 843 2120 XIII
876 2092 992 2130 (1896),
1016 2101 1129 2128 9—10.
1225 2097 1250 2132 ἾΙ
1269 2100 1324 2130 Ego
1349 2100 1374 2122 in
1392 2100 1442 2122 Dei
1466 2099 1644 2130 omnipotentis
1663 2099 1763 2122 nomine
1781 2098 1922 2121 Teudulfus
1941 2102 2040 2121 sanctae

204 2142 372 2165 Terdonensis
391 2141 649 2173 eeclesiaelindignus
667 2142 797 2173 episcopus
816 2142 902 2165 sedula
921 2150 1018 2166 mecum
1037 2142 1196 2174 cogitaltione
1214 2146 1367 2173 pertractans
1386 2141 1537 2165 dominicum
1557 2145 1723 2172 praeceptum,
1740 2140 1743 2172 Ι
1762 2148 1813 2172 quo
1829 2140 1901 2164 dicit:
1922 2140 2040 2170 ‘Uigilate

205 2185 297 2216 itaque,
320 2185 378 2216 quia
402 2185 500 2208 nescitis
525 2185 591 2208 diem
617 2192 698 2215 neque
721 2184 826 2212 horam',
850 2185 910 2208 utile
935 2185 1049 2213 indicaui,
1064 2184 1067 2217 Ι
1082 2190 1109 2208 111
1128 2185 1246 2215 quicquid
1271 2184 1330 2207 mihi
1350 2184 1414 2207 bona
1434 2184 1548 2207 uoluntas
1566 2183 1714 2214 suggesserit
1732 2183 1866 2206 secundum
1886 2183 2039 2213 propriarum

205 2227 294 2250 uirium
312 2225 512 2259 poslsibiiitatem
530 2227 668 2259 adimplere
684 2227 798 2251 debeam.

359 2317 421 2351 32.
455 2313 549 2341 Vatic.
578 2321 664 2349 1570,
700 2314 769 2341 olim
800 2313 968 2341 monasterii
998 2313 1227 2341 Flaviniacensis
1262 2312 1417 2350 (Flavigny
1453 2313 1528 2340 dioc.
1553 2311 1929 2349 Augustodun.—Autun)‚
1965 2311 2040 2338 circa

206 2373 319 2392 annum
354 2372 416 2400 900
449 2368 594 2397 exaratus,
628 2365 779 2392 absolutus
818 2369 861 2391 est
896 2364 1053 2391 Flaviniaci
1087 2364 1116 2391 in
1151 2364 1332 2391 monasterio
1365 2363 1392 2391 S.
1426 2363 1502 2390 Petri
1535 2372 1553 2390 a
1591 2363 1726 2399 Rahingo
1765 2362 1922 2395 monacho,
1959 2362 2041 2389 cuius

207 2415 369 2452 scripturae
391 2415 545 2451 specimen
568 2415 750 2443 exhibemus.
797 2415 840 2443 Cf.
864 2415 902 2442 de
927 2415 1064 2452 Rahingo
1089 2415 1229 2442 DEL1SLE
1252 2415 1281 2441 in
1312 2411 1467 2451 Melanges
1493 2410 1661 2441 d’Archeol.
1686 2418 1714 2441 et
1735 2413 1843 2441 d'Hist.
1861 2412 1905 2440 VI
1923 2411 2039 2449 (1886),

210 2473 377 2502 239-250
415 2470 443 2493 et
478 2466 537 2493 tab.
572 2473 598 2502 5.
697 2468 885 2502 390><310
915 2475 992 2498 mm.,
1035 2467 1063 2493 ff.
1100 2474 1164 2501 154.
1192 2482 1233 2485 —
1268 2465 1411 2493 Continet
1444 2465 1540 2492 codex
1574 2464 1692 2501 Vergilii
1729 2473 1823 2501 opera
1860 2468 1889 2492 et
1925 2468 2040 2500 partem

208 2517 489 2545 commentariorum
520 2517 602 2544 Servi
632 2516 833 2544 Grammatici.
861 2533 895 2536 —q
921 2517 1024 2553 Imago
1055 2525 1215 2553 parumper
1243 2521 1394 2544 contracta
1425 2515 1496 2552 (383
1515 2516 1549 2552 ><
1567 2524 1621 2543 201
1656 2514 1738 2552 mm.)
1769 2515 1829 2542 folii
1863 2522 1919 2550 154
1950 2515 2040 2542 verba

208 2568 339 2604 praebet,
367 2567 475 2604 quibus
506 2567 658 2604 Rahingus
689 2567 859 2603 despondet
888 2567 992 2594 librum
1024 2567 1090 2595 Deo
1122 2572 1151 2594 et
1172 2567 1199 2595 S.
1224 2567 1321 2600 Petro,
1348 2567 1427 2594 edita
1450 2576 1467 2594 a
1491 2566 1664 2594 DUMMLER
1694 2566 1723 2593 in
1748 2566 1849 2593 Neues
1879 2565 1990 2593 Archiv
2012 2565 2040 2592 V

209 2618 325 2655 (1897),
348 2626 405 2653 431
433 2622 462 2646 et
484 2627 502 2645 ἃ
525 2617 666 2645 DELISLE
689 2618 704 2645 l·
728 2627 751 2645 C·
775 2627 802 2654 p-
828 2626 895 2653 245.
953 2623 979 2657 ἾΙ
997 2625 1158 2648 Inenarrabili
1176 2625 1301 2649 alacritate
1319 2630 1461 2656 prememus,
1480 2632 1526 2655 ego
1542 2624 1682 2655 Rahingus,
1701 2623 1836 2647 monachus
1856 2623 2043 2646 exFlauiniaco

209 2668 360 2691 monasterio
377 2667 503 2698 leuitaque
520 2667 594 2690 simul
609 2666 614 2699 Ι
629 2667 743 2698 exigente
761 2668 872 2691 omnium
890 2667 998 2691 utilitate
1017 2668 1120 2691 fratrum
1138 2668 1235 2698 publice
1248 2667 1282 2691 rei
1295 2668 1354 2691 dum
1367 2667 1482 2698 fungerer
1494 2667 1588 2695 officio,
1607 2666 1682 2690 malui
1695 2665 1891 2697 colligendorum
1904 2665 2022 2689 librorum
2037 2664 2040 2697 Ι

209 2710 292 2734 studio
316 2710 450 2741 mancipari
475 2717 550 2740 quam
574 2710 626 2733 on'o
649 2709 800 2741 desipiscens
825 2714 921 2741 torpere
939 2710 1043 2741 ignauiq,
1063 2710 1186 2741 simulque
1204 2710 1258 2733 aliis
1276 2717 1357 2743 meam
1376 2709 1480 2741 prodere
1498 2709 1615 2736 insitiam,
1634 2713 1670 2736 ut,
1688 2708 1788 2740 quando
1804 2709 1807 2739 Ι
1824 2708 1959 2732 forinsecus
1978 2707 2043 2731 actio

209 2752 341 2776 carnalium
372 2753 425 2776 siue
448 2752 559 2776 labilium
585 2753 721 2783 augebatur
748 2760 872 2780 curarum,
905 2752 984 2776 multo
1011 2753 1089 2783 magis
1113 2753 1258 2776 intrinsecus
1283 2752 1428 2784 spiritalium
1453 2759 1601 2784 semperque
1619 2751 1628 2782 ΙΙ
1646 2759 1816 2775 mansurarum
1844 2754 2043 2775 aucmentaretur

2063 1549 2074 1567 5

2070 2762 2081 2781 5
