2160 3300
914 241 1147 269 —XII—

89 341 100 359 5
114 335 170 359 duci
183 335 215 358 ad
229 335 304 358 fidem
319 335 328 365 ΙΙ
341 338 432 358 rectam
448 334 487 358 uel
502 334 534 358 ad
546 334 612 358 bona
625 342 700 365 opera
711 334 751 357 uel
764 334 796 357 ad
808 341 878 365 spem
891 334 967 357 futuri
979 333 1071 357 saeculi
1083 334 1122 357 uel
1135 333 1167 357 ad
1179 333 1405 364 concupiscentiam
1421 333 1425 363 Ι
1441 333 1594 356 liberationis
1607 341 1621 356 a
1635 333 1780 364 mptiuitate
1792 334 1956 359 mortalitatis.

113 377 252 401 Scribruras
272 377 397 405 nouimus,
416 384 478 408 quas
497 377 531 400 eis
546 376 674 408 dioeflmus,
692 376 737 400 sed
755 377 813 408 quia
831 376 925 400 nullum
947 376 1052 400 fructum
1072 377 1096 398 in
1118 376 1153 399 eis
1171 376 1319 403 inuenimus.
1338 375 1404 399 unde
1423 375 1577 406 incipiamus,
1595 375 1739 406 auerltilnus
1751 377 1783 400 ab
1796 377 1855 409 ipsis
1869 377 1956 401 faciem

114 425 139 443 et
157 420 275 443 dicimus:
295 418 389 443 Adhuc
407 419 448 443 isti
466 427 516 443 non
534 419 642 450 sapiunt,
667 427 717 442 non
735 419 843 450 capiunt,
862 417 991 450 quiclquid
1009 418 1057 442 illis
1075 418 1219 446 dixerimus,
1237 418 1364 442 sinistrum
1383 422 1409 441 et
1426 417 1558 441 aduersum
1577 417 1712 442 habebunt.

268 509 336 543 sa.
373 505 467 534 Vatic.
492 513 575 542 5750
606 510 635 533 et
659 505 875 534 Ambrosianus
899 505 932 535 E.
961 512 1026 541 147.
1050 514 1114 541 sup.
1147 513 1215 532 cum
1241 504 1327 532 tertia
1349 504 1481 541 quadam
1503 508 1596 541 parte,
1627 513 1706 541 quae
1728 509 1779 532 aut
1800 505 1887 542 periit
1907 510 1959 534 aut

114 557 224 585 adhuc*
237 557 316 590 latet,
340 566 433 584 unum
457 557 527 585 olim
550 556 772 584 constituebant
788 556 960 584 monasterii
976 556 1132 584 Bobiensis
1148 555 1283 583 codicem
1301 554 1342 592 (V.
1360 555 1494 582 PEYRON
1510 555 1526 582 l.
1543 564 1576 588 c.,
1593 554 1755 583 Gornmn
1771 556 1788 583 l.
1805 565 1828 583 c.
1844 565 1872 593 p.
1889 564 1959 592 451,

115 608 254 637 SEEBASS
270 608 286 635 l.
303 617 326 635 c.
343 616 393 645 pp.
411 615 436 644 5.
453 607 515 644 65).
553 607 760 644 Complurium
783 607 922 635 codicum
945 607 1217 644 antiquissimorum
1237 606 1307 634 folia
1323 606 1444 634 saeculo
1459 605 1520 633 VII
1538 611 1667 634 exeunte
1683 606 1728 634 vel
1745 606 1866 635 ineunte
1881 606 1959 635 VIII

115 659 257 696 rescripta
279 663 355 692 sunt,
379 664 411 686 ut
433 659 463 686 in
487 659 528 687 eis
552 659 790 686 describerentur
809 658 910 686 litteris
926 657 1166 686 semiuncialibus
1182 662 1249 685 acta
1264 657 1379 685 concilii
1396 657 1660 685 Chalcedonensis.
1698 657 1781 686 Inter
1795 658 1960 695 fragmenta

115 710 172 737 hac
202 710 317 737 ratione
340 709 437 737 deleta
461 714 489 737 et
512 709 657 737 industria
680 709 838 736 cardinalis
861 708 924 736 Mai
947 709 1119 737 resuscitata
1141 709 1275 736 eminent
1298 709 1445 746 elegantia
1465 708 1627 745 scripturae
1650 708 1768 737 Scholia
1791 708 1960 743 Bobiensia‚

116 769 194 797 quae
225 760 378 794 dicuntur,
408 761 447 788 ad
478 760 589 797 aliquot
621 760 774 788 Ciceronis
804 760 963 788 orationes.
1016 760 1133 788 Partem
1164 760 1274 788 codicis
1305 760 1481 788 Vaticanam
1515 764 1609 788 totam
1640 760 1734 788 habes
1764 759 1960 797 phototypice

117 820 288 849 expressam
318 812 348 838 in
375 808 419 850 [F.
445 808 572 851 EHRLE]
598 811 756 839 Frontonis
788 811 976 848 aliorumque
1006 811 1148 848 reliquiae
1172 812 1188 839 l.
1211 821 1235 839 c.
1273 811 1391 839 Scholia
1422 815 1543 838 exarata
1572 816 1640 839 sunt
1664 811 1764 839 litteris
1787 811 1961 845 uncialibus,

117 872 195 900 quae
217 873 235 891 a
257 862 408 899 plerisque
431 863 551 891 saeculo
567 863 594 890 V
618 863 786 890 tribuuntur
810 861 847 899 (V.
871 862 989 890 Scholia
1012 863 1043 890 in
1067 862 1219 890 Ciceronis
1242 863 1393 890 orationes
1414 862 1575 890 Bobiensia
1598 863 1644 890 ed.
1661 862 1691 890 P.
1710 862 1960 890 H1LDEBRANDT.

116 914 244 951 Leipzig,
272 921 358 950 1907=
389 923 438 951 pp.
462 914 490 941 V
506 923 551 947 ss,
574 914 698 949 XVIII;
731 913 760 941 P.
786 913 1038 947 HILDEBRANDT‚
1065 913 1114 942 De
1136 913 1254 941 scholiis
1279 913 1431 941 Ciceronis
1455 913 1661 941 Bobiensibus.
1707 913 1884 942 Dissertatio
1915 914 1960 942 in-

116 965 263 1002 auguralis
298 964 510 1002 Gottingensis.
566 965 680 998 Berlin,
719 964 814 1001 1894;
852 962 895 1003 [F
929 962 1055 1005 EHRLE]
1091 965 1108 992 l.
1143 974 1166 993 c.
1201 974 1228 1001 p.
1264 973 1295 992 11
1327 973 1372 997 ss„
1410 972 1445 992 22
1471 963 1529 1002 ss.).
1586 964 1657 993 Pars
1690 965 1836 993 Vaticana
1870 965 1962 993 habet

119 1016 177 1052 285
195 1019 229 1052 ><
247 1024 304 1052 232
330 1025 409 1050 mm,
433 1025 482 1053 pp.
509 1015 576 1052 285.
623 1015 753 1052 Paginae
778 1014 835 1043 261
862 1015 1012 1052 particula,
1037 1025 1128 1053 quam
1151 1016 1336 1049 exhibemus,
1363 1015 1495 1043 continet
1518 1015 1636 1044 Scholia
1662 1016 1693 1043 in
1716 1016 1883 1044 orationem
1906 1025 1962 1053 pro

118 1067 226 1095 Flacco
257 1076 285 1095 n.
311 1066 346 1095 81
378 1067 436 1103 (ed.
462 1066 704 1094 H1LDEBRANDT
726 1075 756 1103 p.
782 1065 834 1103 52)
865 1071 894 1094 et
925 1067 1041 1094 concilii
1065 1067 1322 1095 Chalcedonensis
1351 1067 1502 1095 actionem
1526 1067 1540 1094 Ι
1565 1066 1624 1104 (ed.
1648 1066 1885 1095 LABBE-MANSI
1909 1067 1961 1102 VI,

120 1118 200 1156 790).
236 1119 303 1146 Alia
325 1118 436 1146 codicis
459 1118 623 1154 specimina
645 1118 740 1146 habes
763 1118 793 1145 in
817 1117 967 1155 Palaeogr.
991 1118 1111 1155 Society
1134 1119 1192 1146 tab.
1214 1126 1269 1146 112
1297 1118 1374 1155 (cod.
1399 1118 1537 1145 Ambros.
1560 1127 1588 1155 p.
1617 1125 1673 1154 170
1696 1118 1726 1146 in
1748 1127 1803 1155 pro
1827 1117 1962 1156 Plancio)

119 1175 148 1198 et
170 1170 201 1197 in
224 1170 270 1197 ed.
288 1169 532 1197 HILDEBRANDT
554 1170 612 1197 tab.
634 1177 644 1196 1
666 1168 744 1207 (cod.
761 1169 788 1196 V
791 1169 856 1199 atie.
879 1178 907 1206 p.
924 1177 940 1205 3
946 1177 963 1205 3
968 1177 984 1205 3
1002 1169 1032 1197 in
1048 1178 1103 1206 pro
1120 1169 1234 1197 Milone
1255 1170 1301 1197 ed.
1318 1170 1364 1197 cit.
1381 1178 1408 1206 p.
1426 1168 1474 1204 63,
1491 1169 1550 1197 tab.
1565 1177 1580 1196 2
1599 1168 1677 1207 (cod.
1695 1169 1833 1197 Ambros.
1857 1179 1884 1206 p.
1906 1177 1962 1206 117

118 1221 147 1248 in
171 1229 226 1258 prO
248 1220 360 1248 Archia
383 1221 429 1248 ed·
453 1220 499 1248 cit·
523 1229 551 1257 p-
580 1220 658 1255 164).
717 1225 741 1260 ἽΙ
762 1229 880 1252 Scholia:
898 1228 933 1251 Et
951 1227 1124 1259 subsignandi]
1143 1227 1204 1251 haec
1216 1228 1312 1251 solebat
1326 1235 1399 1251 musa
1414 1228 1425 1259 κ
1429 1235 1483 1251 esse
1496 1227 1538 1259 ut>
1553 1231 1596 1251 aut
1609 1226 1611 1259 Ι
1624 1227 1666 1258 qui
1680 1227 1808 1258 vectigalia
1822 1227 1963 1259 redilmeret

94 1274 105 1293 5
118 1276 161 1294 aut
179 1271 222 1302 qui
239 1278 285 1301 pro
303 1278 361 1293 man
371 1271 425 1301 cipe
443 1270 599 1301 vectigalium
616 1270 693 1294 sidem
708 1271 717 1301 ΙΙ
730 1278 799 1294 suam
814 1270 990 1301 iuter-poneret,
1009 1270 1064 1293 loco
1077 1271 1186 1302 pigneris
1199 1271 1300 1302 praedia
1315 1270 1319 1301 Ι
1334 1278 1379 1293 sua
1393 1271 1427 1294 rei
1441 1270 1572 1302 p(ublicae)
1585 1269 1731 1301 obligarent,
1747 1270 1751 1300 Ι
1767 1270 1850 1301 quoad
1863 1278 1963 1294 omnem

81 1317 106 1330 ¹0
119 1312 258 1345 peculniam
276 1313 428 1336 redemtores
446 1312 619 1344 vecssfigalium
644 1318 810 1344 repensarent.
825 1312 835 1345 [
851 1327 881 1330 —
900 1312 986 1336 Cicero
1005 1313 1065 1336 dicit
1082 1313 1263 1337 infantissimos
1285 1317 1394 1336 oratores
1413 1318 1437 1336 et
1455 1312 1522 1336 nulla
1540 1312 1683 1343 eloquentia
1700 1313 1826 1344 praeditos
1844 1313 1965 1344 dignitate

118 1356 205 1379 volens
222 1356 370 1387 significare.
389 1363 452 1386 quos
470 1363 515 1378 nec
533 1356 638 1386 pecunia
655 1360 784 1387 corruptos
802 1356 834 1379 ab
853 1355 937 1387 aliquo
955 1356 1073 1387 suspicari
1092 1356 1223 1387 quisquam
1243 1355 1354 1387 debe]at,
1373 1363 1477 1387 quorum
1496 1356 1622 1386 ingenium
1639 1356 1642 1384 Ι
1659 1356 1753 1386 despici
1772 1356 1849 1387 magis
1868 1363 1944 1387 quam
1959 1355 1962 1387 Ι

94 1403 106 1422 5
119 1398 201 1422 timen‘
213 1402 347 1429 oporteret.
360 1412 393 1415 -—
409 1397 412 1429 Ι
429 1398 471 1421 Ἑῑ
490 1405 547 1421 eum
567 1403 593 1422 tu
611 1406 710 1422 accusas
725 1398 852 1425 ava'ritie,
875 1406 950 1429 quem
963 1398 1048 1422 dicens
1061 1397 1211 1429 sesfftertium
1225 1399 1317 1421 viciens
1330 1398 1388 1421 volu
1398 1399 1446 1421 isse
1459 1398 1590 1429 prodere’?
1609 1397 1673 1421 Cum
1688 1398 1819 1422 stomachi
1832 1399 1965 1430 asperitate

82 1446 106 1459 ¹0
119 1440 247 1472 pros}cidit
265 1440 387 1468 Laelium,
406 1441 448 1472 qui
468 1445 518 1464 tam
532 1441 541 1471 ΙΙ
555 1440 645 1464 nullius
663 1440 822 1472 eloquentiae
839 1440 890 1472 [sit.
905 1459 910 1464 .
925 1459 930 1463 .
964 1442 1037 1465 Conc.
1054 1442 1201 1466 Chalcedon.
1210 1451 1218 1464 .·
1236 1441 1369 1472 requisitus
1388 1449 1402 1464 a
1420 1440 1594 1472 sanctissimis]
1614 1441 1737 1472 episcopis
1755 1441 1882 1472 professus
1899 1448 1964 1469 suni,

120 1484 178 1514 quia
196 1482 258 1506 haec
275 1487 299 1506 et
318 1491 364 1514 ego
382 1483 507 1514 praegsens
525 1483 610 1506 audiui
629 1491 692 1514 quae
711 1488 736 1507 et
754 1484 808 1514 ipse
825 1484 953 1515 professus
973 1488 1018 1507 est.
1051 1484 1102 1508 Sed
1121 1488 1146 1507 et
1162 1483 1165 1514 Ι
1182 1491 1247 1507 nunc
1264 1483 1312 1507 hoc
1330 1483 1564 1507 commemoratorio
1583 1483 1676 1511 relicto,
1695 1483 1756 1514 quid
1775 1482 1879 1515 tenilbat
1896 1491 1965 1514 prae-

95 1531 106 1550 5
119 1526 200 1549 dictus
217 1526 256 1549 uir
274 1526 380 1556 eognoui
400 1533 487 1549 omnes
506 1526 568 1549 alios
587 1527 740 1557 serhmones,
759 1532 856 1549 tanturn
876 1526 907 1549 de
931 1527 1137 1550 consubstantiali
1155 1534 1205 1549 non
1224 1525 1331 1557 agnolui.
1366 1526 1418 1550 Sed
1443 1531 1501 1549 tunc
1524 1526 1613 1549 eodem
1635 1526 1780 1557 presbytero
1799 1526 1966 1558 interrogante

119 1568 320 1601 archilmandrita
343 1576 371 1592 ac
389 1569 501 1592 dicente:
528 1569 596 1600 Quid
614 1569 741 1592 confiteris
761 1569 891 1592 dominum
907 1569 911 1601 Ι
927 1569 1163 1593 consubstantialem
1181 1569 1245 1600 patri
1265 1568 1518 1599 flconsubstantialem
1534 1567 1538 1599 Ι
1553 1568 1633 1600 ρειῐήΙ]
1653 1568 1789 1592 secundum
1808 1569 1964 1593 diuinitatem

120 1615 145 1634 et
163 1610 321 1643 consubstanl

276 1685 339 1727 sb.
374 1689 468 1717 Vatic.
497 1688 606 1726 10696,
637 1690 687 1726 qui
720 1690 817 1718 codex
847 1694 964 1718 constat
993 1699 1055 1718 uno
1085 1690 1157 1718 folio
1188 1694 1217 1718 et
1247 1689 1372 1718 dimidio
1402 1690 1433 1717 in
1455 1694 1571 1726 septem
1595 1689 1719 1717 concisis
1749 1694 1857 1726 partes,
1888 1698 1967 1726 quae

124 1741 239 1778 lapillos
269 1749 412 1778 parumve
436 1746 531 1769 terrae
555 1750 571 1769 e
594 1741 683 1769 sacris
707 1741 893 1769 Palaestinae
915 1741 986 1769 locis
1009 1750 1027 1769 a
1049 1741 1306 1778 peregrinantibus
1329 1741 1453 1768 collecta
1476 1741 1669 1768 involvebant
1690 1745 1782 1777 atque
1804 1741 1835 1768 in
1857 1740 1967 1768 sacello

121 1801 143 1820 s.
167 1792 320 1820 Laurentii
347 1791 471 1829 (Sancta
497 1792 687 1830 Sanctorum)
719 1793 819 1830 palatii
842 1792 1051 1821 Lateranensis
1082 1793 1319 1820 adservabantur
1341 1792 1383 1829 (V.
1408 1792 1449 1819 M.
1473 1791 1651 1825 VATrASSQ
1675 1792 1858 1820 Frammenti
1888 1792 1916 1819 d'
1926 1801 1967 1820 un

123 1842 207 1871 Livio
232 1843 280 1871 del
304 1843 332 1870 V
356 1844 456 1871 secolo
480 1848 704 1872 recentemente
727 1848 874 1880 scoperto.
920 1843 1027 1877 Roma,
1055 1843 1133 1881 1906
1160 1844 1191 1871 in
1214 1844 1299 1872 Studi
1323 1853 1339 1871 e
1362 1843 1428 1872 testi
1451 1852 1480 1871 n.
1508 1842 1560 1879 18;
1584 1843 1625 1871 H.
1649 1843 1788 1877 GR15AR‚
1812 1843 1837 1871 Il
1859 1843 1968 1871 Sancta

122 1894 300 1923 Sanctorum
330 1895 369 1923 ed
396 1894 415 1922 il
438 1904 492 1923 suo
516 1899 615 1923 tesoro
639 1903 731 1922 sacro.
777 1894 884 1928 Roma,
912 1901 1000 1931 1907,
1023 1904 1052 1932 p.
1080 1894 1152 1931 186;
1184 1895 1215 1922 P.
1240 1894 1364 1927 LAUER,
1388 1894 1431 1922 Le
1462 1891 1558 1922 tresor
1587 1895 1628 1922 du
1650 1894 1760 1922 Sancta
1782 1894 1968 1922 Sanctomm.

123 1945 214 1979 Paris,
242 1944 329 1981 1906,
352 1955 380 1982 p.
406 1954 462 1981 124
486 1945 516 1973 in
540 1945 712 1974 Fondation
737 1945 770 1973 E.
792 1945 869 1973 P10T
892 1946 948 1973 vol.
971 1945 1051 1983 XV).
1097 1946 1274 1983 Conscripta
1297 1951 1366 1974 sunt
1389 1946 1460 1974 folia
1482 1946 1583 1974 litteris
1606 1945 1780 1979 uncialibus,
1803 1945 1884 1973 haud
1907 1945 1968 1973 dis-

123 1996 265 2025 similibus
293 1997 347 2025 illis
378 1996 452 2025 Livii
475 1997 666 2025 Corbeiensis
696 1997 758 2025 sive
781 1996 907 2025 Puteani
931 1996 1032 2034 (Paris,
1057 1997 1089 2025 B.
1113 1997 1151 2025 N.
1177 2004 1267 2033 7530,
1298 2006 1323 2024 v.
1356 1997 1417 2025 eius
1450 1996 1614 2033 specimina
1643 1997 1674 2024 111
1697 1996 1968 2024 ZANGEMEISTER-

123 2048 357 2075 WATTENBACH
383 2048 442 2076 tab.
471 2056 522 2084 19;
548 2048 750 2081 CHATELMN,
775 2045 907 2085 Paleogr.
939 2048 993 2076 des
1023 2055 1106 2082 class.
1134 2048 1182 2076 lat.
1206 2048 1264 2076 tab.
1293 2047 1372 2085 116),
1396 2057 1475 2085 quae
1497 2048 1617 2076 saeculo
1640 2047 1668 2074 V
1690 2047 1777 2075 tribui
1800 2048 1904 2076 solent.
1927 2064 1969 2068 —

124 2107 185 2136 339
204 2101 237 2134 ><
255 2107 313 2136 292
339 2109 408 2127 111111.
455 2099 597 2128 Continet
628 2099 688 2127 Titi
711 2099 786 2127 Livii
816 2099 864 2127 lib.
887 2099 1034 2134 XXXIV,
1058 2098 1192 2136 36—39.
1238 2099 1391 2136 Integrum
1421 2099 1620 2136 fragmentum
1650 2099 1744 2127 habes
1773 2098 1970 2136 phototypice

125 2159 298 2187 expressum
311 2151 393 2188 apud
405 2150 575 2178 VATTAsso
591 2151 607 2178 l.
624 2160 647 2178 c.
661 2167 703 2170 —
720 2150 794 2178 Folii
809 2154 840 2178 2v
861 2151 1013 2187 particula,
1030 2159 1122 2188 quam
1139 2151 1324 2184 exhibemus,
1341 2151 1466 2187 praebet
1481 2150 1529 2177 lib.
1545 2149 1694 2184 XXXIV,
1711 2157 1760 2186 39.
1805 2155 1830 2189 ἿῙ
1848 2157 1970 2181 Suoeendi

125 2200 191 2223 enim
209 2200 324 2224 aedificia
342 2201 456 2232 proxima
473 2208 545 2224 muro
563 2200 643 2224 iussit.
671 2200 742 2231 Quae
755 2208 811 2224 cum
824 2205 953 2224 momento
968 2201 1087 2232 temporis
1099 2201 1227 2229 arsissent,
1245 2205 1273 2224 ut
1291 2200 1466 2223 adiuvantibus
1484 2200 1576 2231 ignem,
1594 2199 1636 2230 qui
1651 2199 1712 2223 alias
1724 2200 1757 2223 ad
1775 2199 1969 2230 extinguendum

125 2250 199 2274 opem
218 2243 282 2266 ferre
299 2242 389 2272 solent,
407 2251 477 2267 ruere
495 2243 520 2266 in
534 2244 666 2267 Romanos
685 2248 758 2271 tecta,
777 2250 823 2267 nec
841 2243 979 2274 teguiorum
999 2243 1076 2267 modo
1094 2242 1254 2274 frag]menta,
1273 2243 1318 2266 sed
1336 2243 1411 2266 etiam
1430 2241 1555 2274 amlbusta
1573 2243 1641 2273 tigna
1653 2242 1685 2265 ad
1699 2246 1807 2265 armatos
1822 2240 1826 2274 Ι
1842 2242 1971 2274 peruenire

101 2290 111 2309 5
125 2290 150 2309 et
168 2285 270 2309 flamma
286 2284 290 2317 Ι
305 2285 355 2309 late
369 2286 441 2309 fundi
454 2286 537 2309 fumus
551 2285 685 2317 terrollrem
698 2286 773 2309 etiam
788 2286 906 2310 maiorem
919 2293 995 2317 quam
1011 2286 1014 2317 Ι
1030 2285 1165 2317 periculum
1181 2286 1280 2309 faceret.
1311 2285 1401 2316 Itaque
1415 2289 1440 2308 et
1452 2285 1496 2316 qui
1509 2289 1578 2308 extra
1590 2285 1677 2308 urbem
1695 2299 1697 2303 ·
1711 2288 1782 2308 erant
1794 2285 1970 2309 Romanorum

87 2333 112 2346 10
126 2332 178 2351 tum
191 2327 194 2360 Ι
206 2329 313 2352 maxime
325 2328 434 2360 impetus
446 2328 590 2361 facientlles,
605 2336 727 2352 recessere
739 2337 753 2352 a
766 2336 837 2352 muro
850 2333 875 2352 et
886 2328 889 2361 Ι
901 2329 945 2360 qui
957 2329 1006 2352 iam
1020 2329 1180 2357 intrauerunt,
1193 2327 1195 2360 Ι
1207 2335 1238 2352 ne
1251 2327 1368 2351 incendio
1381 2327 1413 2351 ab
1427 2332 1495 2359 tergo
1507 2326 1611 2360 orilente
1623 2327 1847 2351 intercluderentur
1859 2327 1902 2360 [ab
1911 2327 1971 2355 suis,

126 2375 273 2402 receperunt
290 2379 353 2395 sese.

281 2454 348 2489 50.
383 2450 578 2479 Vercellensis
610 2450 700 2488 (bybl.
735 2450 916 2487 capitularis)
946 2450 969 2484 1,
1003 2450 1213 2478 celeberrimus
1246 2450 1294 2478 ille
1324 2449 1546 2487 evangeliorum
1576 2450 1682 2483 codex,
1716 2449 1767 2486 qui
1797 2449 1824 2477 S.
1850 2448 1972 2477 Eusebii

129 2500 261 2537 episcopi
284 2500 482 2529 Vercellensis
505 2503 520 2534 †
541 2509 611 2539 371,
634 2501 740 2529 dicitur
763 2506 791 2529 et
813 2511 881 2529 cum
904 2501 964 2529 iam
987 2510 1005 2529 a
1027 2502 1147 2530 saeculo
1171 2501 1216 2529 IX
1240 2501 1302 2529 eius
1325 2510 1417 2528 manu
1440 2505 1578 2529 exaratus
1601 2505 1754 2537 putaretur
1776 2499 1819 2538 (V.
1842 2500 1972 2528 ZANGE-

128 2551 517 2580 MEISTER-VVATTENBACH
541 2562 568 2589 p.
594 2551 634 2590 5),
666 2553 785 2580 saeculo
809 2553 853 2580 IV
884 2553 1116 2581 adscribebatur.
1162 2552 1339 2580 Litterarum
1368 2551 1537 2585 uncialium,
1568 2552 1677 2588 quibus
1708 2551 1893 2588 conscriptus
1919 2555 1972 2587 est,

128 2603 327 2631 conformatio
357 2604 523 2631 secundum
554 2613 649 2636 usum,
679 2604 729 2641 qui
753 2604 839 2641 viget,
862 2604 1041 2632 aestimandi
1063 2603 1129 2632 hius
1152 2603 1314 2640 scripturae
1337 2607 1492 2637 aectatem,
1522 2603 1657 2631 codicem
1681 2603 1780 2640 potius
1801 2602 1921 2631 saeculo
1943 2602 1972 2630 V

128 2653 320 2681 tribuendum
350 2655 489 2682 suaderet
520 2654 557 2692 (ν.
589 2655 621 2683 C.
647 2655 681 2682 R.
706 2654 877 2689 GREGORY,
909 2655 1022 2692 Proleg.
1052 2655 1082 2683 in
1106 2656 1185 2684 Nov.
1215 2656 1297 2684 Test.
1321 2664 1426 2693 graece
1449 2655 1496 2683 ed.
1520 2655 1552 2683 C.
1569 2655 1812 2683 TISCHENDORF.
1846 2654 1972 2691 Lipsiae,

128 2713 156 2741 p.
192 2712 269 2741 592;
303 2705 692 2739 WoRDSWORTH-WHITE,
727 2706 805 2734 Nov.
839 2706 914 2734 Test
955 2707 1052 2735 latine.
1093 2706 1213 2740 Oxonii,
1254 2707 1267 2734 I
1302 2706 1419 2744 (1889),
1461 2716 1488 2743 p.
1522 2705 1654 2743 XXXI).
1692 2706 1835 2734 Continet
1874 2705 1972 2733 codex

129 2765 221 2783 unam
266 2766 303 2784 ex
346 2757 449 2793 priscis
494 2758 678 2785 versionibus
723 2757 834 2790 latinis,
879 2767 970 2795 quam
1016 2758 1120 2786 Italiae
1164 2758 1403 2795 septentrionalis
1447 2758 1558 2785 dicunt.
1618 2757 1719 2785 Edidit
1764 2765 1830 2784 eam
1868 2756 1972 2784 ceteris
