2151 3261
922 222 1152 250 μΧχ-

272 320 328 346 21.
366 316 515 343 Barberiu.
530 323 599 351 570,
612 316 731 344 saeculo
741 316 815 343 VIII
831 321 967 349 exeunte,
981 321 1012 343 ut
1025 316 1148 348 videtur,
1161 325 1178 343 a
1192 315 1351 353 Wigbaldo
1364 316 1480 344 librario
1494 315 1530 353 (v.
1546 317 1562 344 s.
1578 316 1647 355 153)
1662 317 1762 346 litteris
1773 319 1958 356 Anglosaxo-

117 367 189 395 uicis
202 371 338 395 exaratus
352 372 395 394 est
409 372 437 395 et
451 367 570 404 picturis
583 371 711 395 ornatus.
736 366 867 395 Similem
880 367 1053 403 scripturam
1068 366 1175 394 videsis
1188 367 1217 394 in
1231 367 1335 394 codice
1348 367 1380 394 B.
1393 367 1432 394 II.
1446 374 1486 402 30
1499 367 1641 396 ecclesiae
1654 368 1831 398 cathedralis
1844 370 1959 399 Dunel-

117 417 226 445 mensis
239 416 401 454 (Durham)
415 416 462 455 (cf.
478 417 737 454 Palaeographical
751 418 869 454 society
883 418 941 445 tab.
960 417 1015 452 104
1026 428 1037 445 ι,
1084 425 1142 453 325
1155 420 1187 452 ><
1199 418 1258 452 248
1274 427 1351 451 mm.,
1366 418 1394 445 fs.
1413 425 1477 454 153.
1488 434 1529 437 —
1540 417 1683 447 Continet
1696 419 1959 457 Evangelistarium

116 478 183 497 cuni
200 469 335 505 capitulis
352 473 381 496 et
398 469 533 505 prologis.
549 485 587 488 ——
601 468 693 503 Quod
710 469 885 497 exhibemus
902 469 950 496 fol.
964 468 1003 503 48
1018 473 1132 505 partem
1146 469 1268 505 praebet
1279 469 1444 505 argumenti
1458 469 1601 505 evangelii
1615 469 1641 497 S.
1657 469 1758 504 Marci,
1772 473 1853 508 quod
1867 472 1960 502 habes

116 520 145 547 in
158 520 279 552 Minue,
294 519 348 547 PP.
363 520 419 547 LI..
434 519 517 553 CIII,
533 527 592 555 270
605 530 625 548 s.
640 536 680 540 ——
694 520 759 548 Alia
773 520 936 557 specimina
947 530 972 547 v.
985 520 1014 547 in
1025 520 1067 547 La
1081 521 1197 548 version
1211 521 1249 548 de
1263 520 1290 548 la
1299 520 1434 557 Vulgate.
1449 520 1556 553 Rome,
1574 528 1625 557 191
1638 529 1659 548 1.
1707 526 1732 561 ῚΙ
1744 531 1843 554 Marcus
1857 538 1961 562 euange.

116 569 171 593 lista
187 568 191 600 Ι
207 569 255 593 Dei
275 574 300 592 et
320 570 386 593 Petri
406 569 430 592 in
448 569 599 593 babtismate
619 570 685 593 silius
701 569 705 602 Ι
721 574 796 601 atque
816 570 839 593 in
860 570 945 593 diuino
958 577 1072 593 sermone
1086 569 1238 601 disicipulus,
1257 570 1423 593 sacerdotium
1438 570 1462 592 in
1477 569 1571 593 Israhel
1588 569 1591 601 Ι
1607 578 1682 600 agens
1706 572 1843 595 secundum
1862 581 1959 597 carnem

116 612 192 635 leuita
208 612 211 643 Ι
227 619 361 635 conuersus
379 612 410 635 ad
429 612 506 635 fidem
526 611 617 635 Christi
637 611 803 644 euanlgelium
824 613 848 635 in
868 612 939 635 Italia
958 612 1057 636 scribsit
1075 612 1219 644 ostenldens
1239 613 1264 636 in
1282 620 1312 636 eo
1331 613 1390 643 quid
1409 613 1493 643 generi
1512 620 1557 636 suo
1576 612 1685 644 delberet
1705 617 1729 637 et
1748 613 1856 638 Christo.
1892 616 1960 640 Nam

116 655 211 678 initium
229 654 232 685 Ι
249 655 362 686 principii
387 654 410 677 in
430 662 490 678 uoce
509 654 671 687 prophetice}
691 655 888 687 [exclamationis
908 656 1049 682 instituens,
1074 655 1187 678 ordinem
1212 654 1324 678 leviticae
1343 654 1469 678 electionis
1488 655 1607 683 ostendit,
1632 659 1659 678 ut
1677 656 1820 686 praedicans
1840 658 1959 682 Ioannem

117 697 329 729 praedestinatum
350 696 428 720 filiuni
444 696 583 724 Zachariae,
602 698 626 720 in
645 705 706 721 uoce
724 698 805 729 angeli
824 698 995 722 annuntiantis
1015 697 1142 728 emissum,
1162 705 1211 720 non
1230 697 1309 720 solum
1326 697 1439 720 Verbum
1460 705 1516 721 caro
1535 698 1636 724 factum,
1656 698 1700 721 sed
1719 703 1742 722 et
1755 706 1844 730 corpus
1858 700 1960 724 Domini

116 740 139 763 in
158 740 242 763 omnia
260 747 304 771 per
322 739 436 771 verbum]
453 738 457 771 Ι
474 740 573 764 diuinae
591 740 659 763 uocis
678 740 814 763 animatum
831 739 835 772 Ι
851 741 922 764 initio
941 740 1097 771 euangelicae
1115 738 1301 771 predicaltionis
1321 740 1478 767 ostenderet;
1503 744 1529 763 ut
1554 740 1609 771 quis
1634 740 1679 770 hgc
1695 739 1698 770 Ι
1715 740 1798 772 legens
1816 743 1897 769 sciret,
1922 744 1961 766 eui

91 788 101 807 5
116 783 213 806 initium
233 783 311 806 carnis
325 782 334 814 ΙΙ
348 783 372 806 in
386 783 497 806 Domino
515 788 539 806 et
554 783 610 806 Iesu
628 783 784 806 aduenientis
804 782 981 815 hanitaculum
999 790 1056 807 caro
1075 782 1177 806 deberet
1197 782 1338 814 aglnoscere
1357 786 1432 814 atque
1452 783 1476 805 in
1495 790 1522 806 se
1540 783 1642 806 uerbum
1661 784 1738 812 uociS,
1755 785 1758 815 Ι
1774 785 1842 816 quod
1861 785 1884 808 in
1904 793 1960 809 con-

81 831 103 844 10
116 825 263 848 sonantibus
281 826 428 856 pendiderat
456 825 482 857 [l.
498 825 649 857 perdiderat]
676 826 804 849 inueniret.
839 826 955 857 Denique
974 830 998 849 et
1023 826 1126 856 perfecti
1140 825 1149 856 ΙΙ
1162 825 1284 855 euangelii
1302 833 1364 856 opus
1385 825 1502 848 intrasset
1522 825 1548 857 [l.
1563 825 1668 857 intrans]
1681 834 1695 849 a
1709 826 1844 859 babjtismo
1857 828 1960 851 Domini

80 873 101 892 ¹5
115 868 240 899 predicare
259 868 341 891 Deum
360 868 478 892 inchoans
495 868 498 900 Ι
515 876 564 892 non
584 869 706 892 laborauit
725 869 881 892 natiuitatem
897 868 901 900 Ι
917 869 1005 896 carnis,
1024 876 1098 899 quam
1119 868 1142 890 iu
1161 868 1284 898 prioribus
1302 868 1404 895 uicerat,
1420 867 1423 899 Ι
1440 868 1529 895 dicere,
1550 868 1595 891 sed
1614 873 1680 892 totus
1700 869 1724 892 in
1743 870 1828 900 primis
1848 870 1961 903 exfllposi-

116 910 208 933 tionem
219 910 344 934 desertum
358 910 430 943 (corr.
441 912 487 940 -ti),
504 911 621 934 ieiunium
632 911 634 943 Ι
644 911 748 939 numeri,
764 911 954 942 temptationem
969 910 1071 938 diaboii,
1081 909 1083 942 Ι
1093 911 1308 941 congregationem
1319 910 1454 934 bestiarum
1467 910 1470 942 Ι
1483 916 1507 934 et
1517 911 1680 935 ministerium
1692 912 1793 943 protulit
1808 913 1960 944 angelorum.

272 993 335 1019 22.
378 989 469 1017 Palat.
504 997 573 1022 220,
613 989 683 1017 olim
716 989 888 1016 monasterii
918 989 945 1016 S.
977 989 1095 1016 Nazarii
1127 988 1392 1016 Laureshamensis
1424 988 1558 1025 (Lorsch,
1589 999 1613 1016 v.
1646 990 1662 1017 f.
1694 998 1734 1026 50
1765 995 1793 1018 et
1830 991 1962 1029 passim),

116 1040 248 1068 Scottiea
279 1049 369 1068 manu
400 1040 429 1067 in
454 1040 618 1068 Germania
649 1039 687 1077 (v.
712 1041 741 1067 ff.
765 1043 833 1075 δον.
858 1039 931 1077 62v)
955 1040 1075 1067 saeculo
1100 1040 1143 1067 IX
1167 1040 1290 1067 ineunte
1314 1045 1459 1073 exaratus,
1484 1040 1512 1067 in
1537 1041 1686 1068 coenobio
1711 1041 1961 1071 Laureshamensi

116 1091 174 1118 iarn
204 1091 323 1119 saeculo
348 1091 376 1118 X
406 1091 629 1125 adservabatur,
661 1096 691 1118 ut
723 1100 758 1119 ex
789 1091 991 1127 compluribus
1015 1091 1042 1125 S,
1068 1091 1187 1118 Nazarii
1215 1091 1462 1124 invocationibus,
1495 1100 1586 1119 manu
1610 1092 1672 1120 eius
1696 1093 1805 1120 saeculi
1827 1093 1858 1120 in
1882 1103 1960 1122 mar-

114 1142 231 1179 ginibus
263 1142 387 1170 adiectis
419 1144 455 1179 (v.
488 1152 532 1170 ex.
564 1152 586 1170 e.
611 1143 628 1170 f.
655 1142 706 1180 50)
739 1142 929 1179 perspicuum
959 1147 1010 1170 est.
1101 1142 1210 1179 220><
1231 1149 1286 1177 155
1314 1151 1392 1175 mm.,
1416 1143 1445 1169 ff.
1473 1151 1519 1180 71.
1544 1159 1583 1162 —
1609 1142 1750 1171 Continet
1774 1144 1855 1171 varia
1877 1153 1960 1172 com-

116 1193 241 1229 plurium
265 1193 385 1221 Patrum
410 1202 509 1230 opera,
534 1194 641 1230 quibus
665 1194 785 1222 saeculo
808 1194 871 1222 XII
894 1194 1043 1231 praefixus
1070 1198 1113 1221 est
1138 1193 1238 1221 titulus
1262 1192 1300 1231 (v.
1325 1194 1342 1220 f.
1368 1193 1419 1230 A):
1454 1193 1576 1221 ‘Aurelii
1602 1194 1758 1231 Augustini
1782 1195 1959 1224 Sermones'.

115 1245 150 1272 In
181 1244 361 1281 marginibus
393 1245 497 1272 addita
525 1250 594 1272 sunt
625 1249 653 1273 et
676 1245 857 1281 hymnorum
882 1246 1045 1282 fragmenta
1069 1254 1137 1272 cum
1161 1245 1277 1272 neumis
1304 1250 1332 1272 et
1355 1245 1548 1281 probationes
1572 1254 1699 1282 pennae.
1723 1262 1765 1266 —
1789 1245 1881 1282 Quod
1906 1256 1958 1275 ex-

115 1295 252 1323 hibemus
276 1295 324 1323 sol.
351 1303 387 1331 33
422 1296 476 1323 sub
508 1296 592 1323 titulo
624 1296 711 1324 ‘dicta
733 1296 760 1324 S.
785 1297 898 1324 effram'
931 1296 1087 1324 exordium
1118 1296 1250 1323 continet
1273 1296 1418 1323 sermonis
1442 1296 1607 1330 cuiusdam,
1630 1305 1720 1333 quem
1745 1297 1853 1326 videsis
1877 1299 1959 1335 apud

116 1346 228 1374 MIGNE
263 1345 330 1384 (ΡΡ.
366 1346 422 1374 LL.
455 1347 518 1380 XL,
556 1346 646 1384 1347)
682 1347 758 1375 inter
788 1356 879 1384 opera
910 1347 1097 1384 supposititia
1127 1347 1153 1375 S.
1185 1347 1356 1384 Augustini:
1389 1347 1576 1375 ‘Sermonum
1608 1348 1647 1375 ad
1678 1349 1781 1376 fratres
1804 1349 1834 1376 in
1858 1358 1960 1378 eremo

114 1397 344 1425 commorantes'
376 1397 485 1425 LXIV.
509 1415 550 1417 —
581 1397 625 1426 Cf.
650 1398 921 1434 REIFFERSCHE1D‚
946 1398 1018 1426 Bibl.
1043 1398 1098 1426 PP.
1123 1398 1225 1426 Italica
1250 1398 1272 1431 Ι,
1308 1406 1490 1435 229—233;
1523 1398 1721 1433 STEVENSON,
1745 1400 1843 1428 Codd.
1868 1400 1959 1429 Palat.

114 1449 161 1476 lat.
194 1457 242 1485 pp.
274 1448 417 1484 46—48;
449 1448 620 1483 GOTTLOEB,
653 1449 756 1477 Ueber
789 1450 1032 1478 mittelalterliche
1064 1449 1273 1477 Bibliotheken
1307 1459 1333 1486 p.
1359 1457 1435 1485 337:
1470 1450 1629 1477 PFEIFFER
1661 1450 1690 1478 in
1715 1451 1818 1479 Neues
1850 1452 1960 1480 Archiv

115 1499 207 1527 XVII
232 1498 350 1536 (1891),
381 1499 460 1534 484:
495 1500 575 1528 idem
607 1500 636 1527 in
668 1500 754 1528 SBer.
785 1501 838 1528 der
872 1500 1060 1537 philos-hist.
1086 1501 1132 1528 Kl.
1157 1502 1211 1528 der
1233 1501 1356 1529 Wiener
1380 1501 1474 1529 Akad.
1499 1501 1556 1529 LII
1581 1500 1688 1539 (1866)
1713 1510 1833 1539 3—19;
1859 1503 1959 1537 FALK,

115 1550 301 1578 Bibliotheca
331 1550 596 1579 Laureshamensis
626 1560 654 1587 p.
688 1551 728 1579 60
752 1569 790 1572 -
815 1551 881 1579 Alia
913 1552 1047 1580 eiusdem
1079 1552 1191 1580 codicis
1214 1552 1379 1589 specimina
1403 1552 1496 1580 habes
1518 1553 1598 1589 apud
1623 1553 1756 1587 SALZER,
1780 1553 1961 1582 Geschichte

115 1602 168 1629 der
191 1601 365 1630 Deutschen
390 1602 565 1637 Litteratur;
599 1602 795 1636 BANNISTER‚
828 1602 1010 1640 Paleografia
1042 1603 1185 1631 Musicale
1208 1603 1302 1631 Vatic.
1326 1613 1354 1630 n.
1379 1611 1427 1639 23,
1451 1604 1509 1631 tab.
1533 1612 1586 1638 4a.
1718 1609 1743 1643 ἹΙ
1774 1612 1847 1635 Dicta
1877 1612 1960 1636 Sancti

89 1658 100 1677 5
114 1652 211 1675 Effram
234 1650 237 1684 Ι
258 1652 355 1675 Audite
374 1652 445 1675 filioli
469 1653 518 1675 mei
544 1656 568 1675 et
594 1652 738 1683 intellegite,
765 1652 901 1685 quomo]do
920 1660 989 1676 sacra
1007 1653 1126 1684 scriptura
1143 1661 1188 1676 uos
1207 1653 1335 1684 adlmouet
1353 1658 1377 1676 et
1393 1661 1466 1683 regna
1480 1653 1587 1677 celorum
1601 1653 1610 1685 ΙΙ
1623 1654 1713 1677 inuitat
1727 1658 1750 1677 et
1763 1654 1828 1678 uiam
1842 1655 1961 1683 ostendit,

114 1694 243 1726 quomodo
267 1692 271 1727 Ι
295 1694 360 1718 mala
389 1695 476 1718 mundi
506 1695 565 1718 istas
596 1695 700 1718 euadere
730 1695 851 1726 possetis,
876 1694 879 1727 Ι
905 1699 929 1719 et
956 1696 989 1719 ad
1015 1695 1107 1718 bonam
1135 1699 1246 1719 eternam
1275 1695 1375 1719 Christo
1401 1696 1535 1719 adiuvante
1560 1696 1563 1727 Ι
1587 1696 1724 1727 pervenire.
1769 1696 1867 1720 Clamat
1893 1697 1960 1721 enim

76 1743 100 1757 ιο
113 1737 238 1761 Dominus
251 1745 295 1769 per
307 1737 456 1769 prophetam
472 1737 476 1769 Ι
491 1737 523 1760 ad
542 1737 691 1766 sacerdotes,
710 1738 752 1769 qui
772 1742 875 1769 presunt
893 1738 995 1769 populo,
1015 1742 1042 1761 ut
1055 1737 1064 1769 ΙΙ
1078 1746 1123 1761 uos
1142 1738 1250 1761 debeant
1268 1738 1403 1762 admonere
1422 1742 1447 1762 et
1465 1739 1626 1762 adnunctiare
1642 1738 1646 1771 Ι
1661 1739 1727 1763 uiam
1746 1739 1866 1763 ueritatis.
1892 1740 1961 1764 Dicit

114 1780 194 1804 enim:
213 1778 310 1804 ‘Clama
329 1788 360 1803 ne
378 1788 446 1804 ceses
462 1780 465 1811 Ι
483 1779 564 1804 exalta
583 1781 653 1811 quasi
673 1781 732 1803 tuba
750 1787 837 1804 uocem
858 1784 925 1804 tuam
944 1786 969 1805 et
987 1780 1115 1813 adnunfftia
1134 1781 1228 1812 populo
1247 1789 1303 1804 meo
1321 1781 1414 1805 scelera
1433 1789 1526 1805 eorum.
1555 1782 1630 1812 Quod
1648 1782 1668 1805 si
1681 1781 1720 1814 ltu
1739 1790 1789 1806 non
1808 1783 1960 1807 nuntiaueris

78 1829 100 1847 ¹5
116 1822 201 1853 iniquo
220 1822 377 1853 iniquitatem
397 1830 476 1851 suam,
494 1821 656 1855 sangui'lnem
676 1823 727 1846 eius
747 1823 778 1846 de
797 1831 872 1846 manu
891 1828 933 1847 tua
951 1822 1104 1855 requiratur'.
1136 1824 1165 1847 In
1185 1823 1222 1846 his
1239 1823 1242 1855 Ι
1258 1824 1374 1847 omnibus
1393 1825 1493 1855 grandis
1511 1825 1645 1848 necessitas
1664 1830 1701 1849 est
1719 1825 1898 1854 sacerdotibus,
1914 1824 1918 1857 Ι
1933 1831 1961 1849 ut

114 1865 186 1888 uobis
198 1865 277 1897 [prius
291 1873 295 1888 :
306 1864 363 1896 uos]
377 1865 442 1888 uiam
455 1865 504 1888 Dei
517 1865 665 1888 adnuntient
678 1870 703 1889 et
715 1866 856 1894 ostendant,
868 1864 872 1897 Ι
883 1873 927 1897 per
940 1874 1014 1897 quam
1027 1866 1105 1890 uitam
1116 1867 1223 1898 possetis
1234 1871 1343 1890 eternam
1354 1866 1496 1899 iniquirere.
1522 1868 1550 1891 In
1561 1868 1654 1899 primus
1666 1868 1730 1891 enim
1741 1868 1789 1892 hoc
1798 1867 1944 1892 christianus
1956 1868 1959 1901 Ι

270 1956 332 1990 23.
368 1951 459 1979 Palat.
485 1951 554 1987 830,
578 1952 648 1979 olim
672 1953 843 1980 monasterii
867 1953 893 1981 S.
919 1952 1039 1980 Martini
1064 1953 1233 1990 Moguntini
1258 1954 1295 1991 (v.
1320 1955 1337 1981 f.
1368 1953 1403 1992 Ι),
1429 1959 1565 1982 exaratus
1590 1959 1634 1982 est
1656 1955 1733 1983 inter
1756 1964 1853 1983 annos
1880 1954 1958 1992 1069

114 2007 143 2030 et
172 2002 248 2030 1082
275 2002 462 2040 Moguntiae,
486 2012 503 2030 a
526 2003 727 2039 compluribus
751 2003 888 2031 manibus
912 2004 998 2032 valde
1023 2004 1098 2032 inter
1119 2013 1151 2032 se
1174 2005 1420 2041 discrepantibus,
1443 2005 1576 2033 dictante
1598 2006 1664 2042 ipso
1681 2010 1803 2034 auctore
1820 2006 1958 2034 Mariano

113 2054 216 2081 Scotto
239 2054 285 2081 vel
310 2054 399 2082 etiam
424 2063 546 2081 manum
570 2058 745 2091 apponente
769 2055 806 2090 (v,
831 2054 949 2088 WAITZ,
974 2055 1003 2082 in
1027 2055 1110 2083 Mon.
1136 2055 1236 2084 Germ.
1260 2056 1307 2084 SS.
1333 2056 1369 2089 V,
1393 2055 1583 2094 481—494).
1673 2057 1854 2095 300><245
1879 2067 1959 2091 mm.,

113 2105 142 2132 ff.
180 2111 245 2140 170.
274 2122 311 2126 -—
335 2104 478 2133 Continet
509 2105 637 2133 Mariani
661 2105 753 2133 Scotti
778 2105 959 2138 Chronicon,
989 2107 1071 2143 quod
1096 2116 1132 2134 ex
1157 2107 1215 2135 hoc
1239 2107 1344 2135 codice
1368 2107 1462 2135 edidit
1485 2107 1597 2135 WAsz
1621 2108 1636 2135 l.
1661 2118 1684 2136 c.
1708 2117 1757 2145 pp.
1781 2108 1958 2146 495—562.

114 2172 153 2175 —
177 2155 270 2191 Quod
302 2156 478 2184 exhibemus
510 2157 557 2184 fol.
590 2156 647 2191 148
678 2156 831 2193 specimen
864 2157 989 2193 praebet
1019 2158 1180 2195 scripturae
1211 2158 1358 2186 Scotticae
1390 2158 1597 2197 (Hibernicae)
1622 2165 1651 2188 et
1674 2160 1852 2193 notularum,
1885 2169 1959 2197 quas

115 2207 250 2235 adiunxit
272 2208 329 2235 alia
352 2217 466 2236 manus.
505 2208 648 2245 Spectant
671 2208 711 2236 ad
734 2217 847 2236 annum
871 2208 931 2245 526
957 2214 985 2237 et
1009 2215 1176 2246 sequentes.
1217 2210 1323 2238 Habes
1347 2219 1396 2238 eas
1421 2211 1502 2247 apud
1519 2211 1629 2238 WAiTz
1652 2212 1667 2239 l.
1685 2220 1708 2239 c.
1724 2221 1752 2248 p.
1770 2211 1839 2248 538.
1878 2212 1960 2240 Alias

113 2259 256 2295 imagines
281 2259 416 2286 eiusdem
441 2259 551 2287 codicis
575 2259 683 2287 videsis
706 2260 788 2296 apud
805 2259 916 2287 WAITZ
941 2261 956 2288 l.
981 2270 1004 2290 c,
1021 2262 1079 2289 tab.
1097 2270 1124 2296 4.
1141 2278 1180 2282 -—
1199 2261 1242 2289 Cf.
1260 2261 1458 2295 vamson,
1484 2262 1612 2290 Codices
1628 2263 1719 2290 Palat.
1737 2263 1785 2290 lat.
1801 2272 1829 2300 p.
1847 2271 1909 2299 290
1921 2272 1957 2298 s.;

114 2309 355 2343 WATTENBACH,
372 2310 594 2338 Deutschlands
611 2310 910 2348 Geschichtsquellen
922 2311 939 2338 ⁵.
969 2311 1075 2346 Berlin,
1094 2313 1123 2340 II
1141 2312 1259 2350 (1892),
1281 2321 1336 2348 114
1354 2322 1375 2341 s.
1395 2321 1410 2349 7
1415 2321 1440 2349 5.
1530 2319 1656 2353 51·XX·
1670 2322 1724 2345 1111
1738 2321 1847 2345 -mensis
1879 2322 1961 2346 martii

113 2359 189 2382 fuisse
214 2359 269 2391 quis
293 2360 409 2383 dubitat?
434 2364 458 2383 et
478 2360 580 2391 reliqua.
616 2361 650 2384 Et
668 2360 752 2394 paullo
770 2365 828 2385 ante
847 2361 919 2385 dicit:
939 2360 1007 2385 ‘Hoc
1028 2369 1169 2391 monemus,
1193 2363 1261 2394 quod
1279 2363 1354 2386 ciclus
1374 2363 1530 2387 iste-XCV-
1545 2372 1666 2387 annorum
1687 2372 1761 2395 quem
1781 2363 1893 2396 felcimus
1911 2372 1962 2388 non

113 2409 158 2433 per
175 2402 259 2425 omnia
277 2402 302 2425 in
321 2410 347 2426 se
366 2403 446 2434 ipsum
467 2404 604 2431 revertitur,
628 2407 653 2426 et
679 2403 736 2427 ideo
755 2408 812 2435 post
837 2404 1004 2435 expletionem
1017 2403 1019 2437 Ι
1034 2405 1155 2429 ·XC·V·
1173 2413 1294 2429 annorum
1313 2413 1363 2429 non
1382 2406 1414 2429 ad
1433 2407 1547 2437 quintum
1573 2407 1660 2430 ciclum
1687 2407 1765 2431 sancti
1789 2407 1893 2437 (cirilli),
1918 2407 1961 2438 qui

89 2452 99 2470 5
113 2444 206 2476 incepit
224 2445 298 2468 ciclos
317 2452 375 2468 suos
389 2445 397 2477 ΙΙ
411 2445 442 2468 ab
468 2446 817 2474 anno·CLHI·Diocletiani,
843 2454 948 2478 quorum
974 2448 1089 2479 quintum
1114 2447 1201 2471 ciclum
1220 2448 1293 2471 nobis
1314 2446 1462 2481 nelcessario
1486 2450 1699 2481 praepossuimus,
1726 2449 1770 2473 sed
1797 2449 1830 2473 ad
1848 2454 1960 2473 nostrum

113 2487 221 2518 primum
242 2487 339 2515 ciclum,
364 2495 438 2519 quem
462 2496 506 2511 nos
523 2488 526 2519 Ι
543 2489 574 2511 ab
599 2489 896 2513 anno-Cc-XL·VIII·
912 2490 1024 2513 eiusdem
1043 2490 1194 2514 Diocletiani
1218 2491 1364 2522 incepimus,
1389 2491 1466 2515 lector
1484 2490 1606 2524 inlcurrat'
1625 2496 1651 2515 et
1669 2492 1772 2523 reliqua.
1790 2491 1793 2522 Ι
1810 2492 1961 2516 Benedictus

77 2537 99 2551 10
112 2529 190 2553 abbas
209 2530 328 2554 virtutum
347 2530 424 2561 gloria
443 2531 538 2559 claruit,
557 2539 618 2562 quas
637 2536 736 2555 sanctus
756 2532 889 2563 Gregorius
912 2533 937 2555 in
955 2532 1068 2565 diallogo
1086 2533 1239 2565 conscripsit.
1276 2534 1386 2558 Iustinus
1405 2534 1649 2566 Constantinopolim
1663 2534 1672 2566 ΙΙ
1686 2535 1851 2558 Iustinianum
1870 2535 1962 2558 sororis

112 2579 156 2595 sue
172 2572 253 2595 filium
273 2577 331 2596 ante
349 2578 464 2604 quartum
484 2581 596 2597 mensem
614 2574 698 2597 obitus
713 2573 717 2605 Ι
734 2575 773 2598 sui
791 2575 967 2606 imperatorem
986 2575 1078 2599 faciens
1097 2576 1167 2599 obiit.
1184 2575 1188 2608 Ι
1204 2577 1477 2600 Romanorum-LIX·
1493 2577 1652 2606 Iusfinianus,
1671 2585 1746 2601 omne
1760 2582 1824 2601 teste
1834 2577 1961 2605 historico,

114 2615 225 2646 regnavit
242 2616 314 2639 annis
329 2615 333 2647 Ι
348 2616 482 2640 XXX-V
486 2617 550 2645 111-‚
570 2616 617 2640 hoc
635 2621 673 2640 est
690 2625 770 2649 usque
782 2617 901 2641 kalendas
919 2618 967 2642 ian.
987 2619 1012 2642 in
1024 2619 1232 2642 anno-D·L·II·
1248 2623 1305 2650 post
1323 2620 1473 2650 passionem.
1510 2619 1563 2643 Sub
1581 2619 1630 2643 hoc
1647 2620 1760 2644 consules
1779 2620 1880 2643 fuerunt
1899 2623 1962 2643 teste

76 2665 98 2684 15
115 2657 280 2681 cassiodoro:
297 2657 301 2690 Ι
318 2659 439 2682 DXLIX
453 2660 464 2682 I
478 2660 629 2683 Iustinianus
648 2664 766 2691 augustus
780 2661 805 2683 11
825 2661 930 2684 conssul.
950 2661 1081 2685 Bilizarius
1105 2661 1221 2692 patricius
1240 2661 1272 2684 de
1284 2661 1367 2685 Persis
1381 2661 1390 2693 ΙΙ
1403 2662 1550 2685 mirabiliter
1563 2662 1714 2693 triumpavit.
1726 2676 1757 2679 —
1767 2662 1816 2686 DL
1828 2662 1855 2686 11
1867 2661 1960 2685 Decius

113 2708 134 2723 v.
142 2707 162 2723 e.
170 2700 276 2724 conssul.
287 2701 415 2724 Bilizarius
426 2709 440 2724 a
452 2702 588 2725 Iustiniano
598 2702 623 2725 in
633 2702 756 2726 Affricam
765 2703 766 2734 Ι
776 2703 865 2726 missus
872 2703 1056 2727 Wandalorum
1065 2702 1174 2736 genitem
1185 2703 1286 2727 deleuit.
1298 2718 1327 2721 -
1336 2704 1397 2727 DLI
1414 2705 1454 2728 III
1465 2705 1620 2736 Lampadius
1630 2709 1655 2728 et
1665 2706 1766 2729 Orestes
1776 2704 1821 2728 uiri
1831 2703 1958 2727 clarissimi

113 2743 233 2767 consules.
274 2744 320 2766 His
342 2744 485 2767 consulibus
499 2744 570 2767 Felix
584 2753 649 2776 papa
668 2745 730 2768 obiit
749 2745 802 2768 IIII
817 2746 849 2768 id.
864 2751 911 2769 oct.
929 2745 932 2778 Ι
949 2746 1090 2770 Bonifatius
1104 2754 1168 2777 papa
1182 2747 1257 2770 LIIII
1271 2751 1328 2777 post
1342 2747 1445 2770 Petrum
1459 2747 1530 2770 annis
1543 2748 1577 2770 ΙΙ.
1603 2747 1754 2777 (Bonifatius
1767 2754 1831 2778 papa
1843 2746 1905 2770 obiit
1918 2746 1959 2770 die
