2151 3261
963 289 1241 316 —XXXI—

185 384 285 407 Positus
310 388 347 406 est
372 391 429 414 ergo
454 383 479 406 in
501 383 585 406 medio
608 387 635 406 ut
660 386 684 405 et
703 382 737 413 [ei
758 382 890 404 semiretur
908 385 932 404 et
951 382 1003 412 ipse
1020 381 1130 404 seruiret.
1145 381 1153 410 ΙΙ
1168 379 1280 411 [Ipsique
1299 380 1379 409 angeli
1396 380 1421 402 in
1440 379 1600 410 quibusdam]
1620 380 1738 410 scripture
1757 380 1816 402 locis
1836 379 1907 402 nobis
1926 381 2017 403 seruire

185 426 307 453 dicuntur,
326 426 384 448 dum
403 430 504 456 propter
516 433 561 448 nos
574 426 599 448 iu
611 424 782 456 miJnisterium
796 424 934 447 mittuntur.
966 423 1112 454 [Quomodo
1125 423 1215 446 dicitur
1226 423 1251 445 in
1264 422 1382 452 scriptura
1395 422 1528 452 aliquando
1542 421 1618 444 horno
1631 422 1709 445 factus
1723 426 1824 453 propter
1836 423 2016 452 reparationem
2046 428 2056 446 5

185 467 288 498 angelici
312 467 402 499 casus]
438 468 478 490 De
501 467 602 490 homine
626 466 734 498 qluoque
759 467 782 488 in
807 466 926 496 scriptura
948 465 1071 488 interdum
1094 466 1220 496 reperitur,
1243 465 1302 495 quia
1327 465 1405 487 factus
1430 464 1461 487 sit
1479 470 1581 495 propter
1598 464 1795 495 reparafltionem
1813 464 1922 495 angelice
1941 464 2018 491 ruine,

188 510 256 541 quod
281 517 330 533 non
354 510 388 533 ita
406 515 444 533 est
462 509 658 540 intelligendum,
677 510 746 540 quasi
764 509 767 540 Ι
784 517 833 532 11011
851 509 938 531 fuisset
956 507 1032 531 homo
1051 507 1138 535 factus,
1156 507 1177 529 si
1195 514 1245 530 non
1263 510 1388 537 peccasset
1405 506 1515 536 angeluS,
1534 507 1578 529 sed
1594 507 1652 537 quia
1670 507 1704 530 ita
1720 508 1722 535 Ι
1739 507 1771 529 511
1788 505 1865 529 homo
1883 506 2018 534 institutus,

187 551 280 576 scilicet
297 557 325 575 ut
343 552 407 575 inter
423 552 484 575 alias
502 559 586 574 causas
604 551 732 582 precipuas
750 551 796 574 hec
811 550 814 582 Ι
831 551 905 574 etiam
924 549 1042 573 nonnulla
1061 549 1150 572 extitit.
1180 549 1274 572 Nostra
1292 548 1366 578 igitur
1383 548 1509 579 superiora
1527 552 1584 571 sunt
1602 553 1626 571 et
1646 548 1750 579 equallia
1768 549 1841 571 etiam
1861 553 1943 571 nostra
1962 553 2018 571 sunt

187 594 311 622 inferiora,
336 595 394 624 quia
417 594 449 617 ad
472 593 630 617 seruiendum
655 593 727 616 nobis
752 593 824 616 facta.
844 607 874 610 —
895 592 989 623 [Quare
1012 592 1094 614 anima
1111 592 1181 614 unita
1199 591 1232 613 sit
1255 589 1370 621 corpori]
1385 590 1394 621 ΙΙ
1407 590 1476 614 Solet
1494 590 1593 621 inquiri,
1610 598 1666 613 cum
1683 590 1686 621 Ι
1703 591 1802 613 maioris
1820 591 1947 621 dignitatis
1966 598 2019 614 esse
2035 602 2057 614 ιο

187 637 312 660 videretur
328 637 418 664 anima,
437 637 457 659 si
482 636 577 667 absque
601 643 703 666 corpore
719 635 722 667 Ι
739 635 922 667 permansisset,
946 642 988 658 cur
1006 635 1073 657 unita
1091 635 1124 657 sit
1144 633 1247 664 corpori.
1283 633 1326 655 Ad
1348 632 1416 663 quod
1434 633 1514 663 primo
1533 633 1580 656 dici
1597 631 1600 664 Ι
1617 637 1706 663 potest,
1726 633 1783 663 quia
1802 633 1871 656 Deus
1888 633 1976 660 uoluit,
1995 638 2020 656 et

186 679 321 702 uoluntatis
345 679 397 702 eius
421 686 494 702 causa
517 678 643 709 querenda
664 686 712 701 non
730 678 733 709 Ι
749 682 794 701 est.
829 677 943 701 Secundo
962 682 1045 700 autern
1065 677 1114 699 dici
1132 680 1223 707 potest,
1248 675 1316 706 quod
1334 675 1391 698 ideo
1415 675 1492 698 voluit
1511 675 1580 698 Deus
1600 674 1702 706 [ipsam]
1727 675 1823 706 corpori
1847 675 1911 698 uniri
1924 674 1932 706 Ι1
1945 679 1972 698 ut
1994 675 2018 697 in
2035 683 2057 701 ¹5

187 720 294 744 humana
313 721 468 744 condictione
486 721 628 744 ostenderet
646 728 739 744 nouum
758 720 898 751 exemplum
917 718 999 751 bealte
1016 719 1124 746 unionis,
1142 726 1191 749 que
1209 723 1246 742 est
1265 719 1328 742 inter
1343 717 1347 749 Ι
1363 719 1445 742 Deum
1465 722 1489 741 et
1507 718 1629 749 spirirum,
1648 718 1672 740 in
1691 726 1739 748 qua
1757 717 1875 748 dilligitur
1892 720 1930 740 ‘ex
1947 718 1949 748 Ι
1967 722 2020 741 1010

187 763 269 786 corde’
294 768 318 786 et
341 763 440 786 uidetur
465 763 535 786 ‘facie
557 763 589 786 ad
613 763 718 786 faciem’.
753 763 855 786 Putaret
879 763 946 786 enirn
963 761 966 793 Ι
982 766 1092 785 creatura
1116 769 1142 784 Se
1166 769 1215 784 non
1240 768 1313 792 posse
1336 761 1401 784 uniri
1422 761 1526 784 creatori
1544 768 1589 783 suo
1608 764 1676 783 tanta
1694 758 1894 792 propinquiltate,
1917 764 1945 782 ut
1963 767 2019 783 eum

189 809 240 828 tota
257 809 340 828 mente
358 805 504 836 intelligeret
522 809 547 828 et
565 809 732 836 cognosceret,
750 805 797 827 nisi
814 803 926 837 uilflderet
945 803 1066 835 spiritum,
1085 804 1128 834 qui
1146 808 1184 826 est
1203 803 1406 827 excellentissima
1425 806 1542 830 creatura,
1565 806 1613 826 tam
1632 802 1719 825 infime
1735 802 1799 825 idest
1814 802 1818 834 Ι
1834 803 1908 829 carni,
1926 809 1974 833 que
1989 802 2020 825 de
2035 809 2058 822 20

188 852 250 870 terra
271 851 316 875 est,
341 848 366 870 in
390 851 458 871 tanta
476 847 618 870 dilleetione
635 847 707 874 uniri,
731 851 758 870 ut
777 854 826 870 non
842 847 845 878 Ι
862 847 943 870 ualeat
961 847 1033 869 artari
1052 846 1084 869 ad
1101 846 1156 874 hoc,
1175 851 1202 869 ut
1224 846 1285 869 uelit
1304 854 1357 869 earn
1376 845 1522 877 relinquere,
1541 846 1604 868 sicut
1619 844 1623 877 Ι
1638 845 1776 876 Apostolus
1795 845 1904 869 ostendit
1922 845 2020 868 dicens:

188 889 322 912 ‘Nolumus
341 897 443 921 corpore
461 889 589 920 expoliari,
607 889 651 912 sed
673 888 858 921 superluestiri’.
876 897 921 920 per
938 889 1006 920 quod
1024 889 1170 916 ostenditur,
1190 889 1302 919 spiritum
1321 893 1429 912 creatum
1448 888 1544 919 spiritui
1563 888 1671 911 increato
1689 887 1826 919 ineffallbili
1846 895 1930 911 amore
1948 888 2019 910 uniri.
2036 894 2058 912 25

188 932 238 955 Pro
257 932 372 963 exemplo
390 932 463 963 igitur
481 932 563 955 future
580 932 705 955 societatis
718 931 727 963 ΙΙ

341 1048 404 1082 43.
428 1044 520 1072 Vatic.
549 1043 635 1080 1456,
668 1044 791 1081 scriptus
821 1053 901 1071 anno
930 1051 1006 1079 1353
1033 1043 1069 1071 [v.
1094 1044 1110 1070 f.
1142 1042 1210 1079 170)
1235 1042 1331 1070 littera
1363 1042 1546 1070 Bononiensi
1578 1042 1619 1079 (V.
1646 1042 1795 1076 DELISLE,
1819 1042 1946 1070 Cabinet
1969 1042 2022 1070 des

190 1104 256 1122 mss.
281 1095 305 1128 I,
329 1102 366 1130 32
393 1100 422 1122 et
445 1094 476 1122 F.
500 1095 624 1131 EHRLE,
659 1095 792 1122 Historia
818 1094 1016 1122 bibliothecae
1039 1094 1125 1121 Rom.
1150 1093 1234 1120 Pont.
1258 1094 1281 1127 I,
1313 1093 1385 1130 500)
1410 1098 1439 1121 01
1461 1102 1479 1121 3
1502 1093 1630 1121 Nicolao
1653 1093 1693 1120 de
1716 1093 1854 1120 Bononia
1877 1092 1969 1130 (figlio
1993 1093 2022 1120 di

189 1145 335 1174 Giacomo
359 1145 389 1173 di
413 1145 626 1182 Nascimbene)
649 1145 824 1182 imaginibus
847 1151 968 1173 ornatus
992 1145 1029 1181 (v.
1054 1146 1070 1172 s.
1099 1152 1165 1180 170,
1188 1145 1223 1171 ci.
1249 1144 1279 1172 F.
1304 1144 1499 1171 MALAGUZZI
1523 1144 1650 1172 VALER1
1685 1144 1713 1170 in
1746 1144 1806 1171 Atti
1834 1152 1850 1171 e
1881 1144 2023 1172 memorie

190 1197 267 1224 delia
290 1197 324 1224 R.
349 1197 558 1233 Deputazione
581 1197 611 1224 di
633 1197 722 1225 storia
745 1197 839 1233 patria
863 1205 916 1233 per
938 1196 965 1224 le
987 1205 1070 1232 prov.
1093 1196 1123 1223 di
1148 1195 1313 1232 Romagna.
1337 1195 1395 1223 Ser.
1418 1195 1473 1228 III,
1496 1194 1541 1222 XI
1558 1193 1675 1232 (1893),
1704 1194 1760 1222 120
1777 1202 1814 1227 5.;
1839 1194 1870 1221 L.
1888 1194 2023 1222 CIACCIO

190 1248 220 1275 in
243 1247 275 1275 L'
289 1248 368 1275 Arte.
385 1248 415 1274 X
439 1247 555 1285 (1907),
583 1255 655 1283 113;
680 1247 710 1274 F.
735 1247 856 1280 emm,
881 1247 992 1281 Codici,
1016 1247 1105 1275 corali
1129 1255 1145 1274 e
1169 1247 1231 1274 libri
1254 1255 1272 1274 a
1294 1251 1411 1283 stampa
1434 1246 1546 1274 miniati
1570 1246 1648 1273 della
1672 1245 1835 1273 Biblioteca
1858 1245 2024 1273 Nazionale

190 1299 220 1326 di
247 1299 369 1326 Milano.
405 1299 510 1332 Roma,
546 1298 620 1335 1891
657 1298 698 1335 (in
730 1298 825 1326 Indici
856 1307 872 1325 e
903 1298 1058 1335 Cataloghi
1089 1307 1116 1325 11.
1140 1296 1240 1334 XIII),
1273 1305 1320 1331 24,
1350 1301 1437 1331 nota;
1480 1297 1513 1324 A.
1539 1304 1577 1323 ZU
1610 1296 1964 1324 ERnAcn-FURSTENAU
1995 1297 2024 1324 in

191 1349 222 1377 L'
233 1350 312 1377 Arte.
336 1349 412 1376 XIV
436 1348 553 1386 (1911),
581 1357 591 1376 1
619 1358 663 1382 ss„
699 1356 754 1384 107
786 1348 841 1385 ss).
865 1365 907 1368 —
930 1350 1037 1384 44o><
1052 1348 1111 1376 268
1142 1358 1220 1382 mm„
1244 1349 1273 1375 ff.
1298 1347 1575 1383 33o.——-C0ntinet
1599 1348 1696 1375 codex
1719 1348 1842 1384 quidem
1867 1347 2024 1375 Novellam

192 1400 335 1428 Iohannis
359 1400 500 1428 Andreae
528 1409 616 1437 super
639 1400 835 1428 decretalibus
859 1399 896 1436 (v.
923 1400 968 1427 ed.
993 1399 1140 1427 Venetam
1164 1400 1233 1427 anni
1262 1398 1361 1435 1581),
1385 1398 1444 1426 folii
1472 1406 1506 1434 13
1531 1407 1602 1426 vero
1625 1407 1701 1434 pars,
1726 1407 1816 1435 quam
1841 1398 2024 1431 exhibemus,

191 1456 350 1479 comment.
373 1451 403 1478 in
427 1460 450 1478 C.
475 1459 501 1487 5.
525 1450 552 1478 6.
578 1458 603 1486 7.
627 1452 666 1478 de
688 1451 834 1487 rescriptis
856 1459 894 1478 sc.
919 1450 940 1477 I.
965 1458 1000 1486 3.,
1023 1450 1053 1477 in
1077 1451 1122 1478 ed.
1147 1450 1192 1478 Cit-
1218 1450 1240 1483 Ῑ,
1266 1453 1331 1485 23⁸⁷.
1415 1454 1439 1488 ffl'
1458 1456 1534 1479 Unde
1552 1457 1572 1479 si
1591 1460 1714 1487 queratur,
1733 1464 1809 1487 quare
1827 1464 1865 1479 res
1883 1456 1962 1480 aliena
1980 1464 2026 1480 usu

191 1501 293 1532 capitur,
317 1500 357 1524 dic
380 1508 411 1523 ne
434 1500 545 1523 dominia
569 1507 649 1523 rerum
667 1499 670 1531 Ι
686 1500 735 1523 sint
754 1500 778 1523 in
802 1501 907 1527 incerto;
933 1499 960 1522 ff.
981 1499 1025 1531 [=
1036 1499 1152 1530 Digesta]
1172 1500 1204 1522 de
1221 1507 1268 1523 usu
1286 1500 1400 1531 captione
1418 1498 1481 1530 l[ex]
1505 1505 1524 1521 1.
1561 1498 1588 1522 Si
1606 1503 1729 1530 queratur,
1753 1507 1829 1530 quare
1854 1499 1961 1523 triennio
1979 1499 2025 1527 dic,

191 1543 261 1574 quod
276 1543 279 1574 Ι
295 1543 329 1566 ita
342 1543 433 1574 placuit
444 1542 558 1574 principi,
571 1547 599 1566 ut
613 1543 628 1565 l.
642 1543 714 1566 Non
730 1550 776 1566 om
785 1543 878 1566 nium.
905 1543 947 1566 Sic
959 1543 1024 1566 enim
1038 1546 1135 1573 poterat
1147 1542 1202 1573 plus
1219 1542 1222 1573 Ι
1237 1542 1351 1565 minusue
1364 1546 1479 1565 statuere.
1496 1541 1627 1565 Ostiensis.
1646 1543 1675 1565 In
1687 1542 1769 1573 glossa
1781 1542 1869 1565 ultima
1879 1542 1914 1565 ibi
1926 1542 2027 1565 Nemo

191 1586 250 1609 dicit
263 1585 272 1617 ΙΙ
285 1586 418 1612 Ostiensis.
443 1586 509 1616 quod
534 1585 572 1609 lex
591 1586 638 1608 ista
657 1585 809 1616 intelligitur,
833 1593 888 1609 cum
908 1586 961 1616 ipse
980 1585 1114 1616 imperator
1131 1592 1181 1608 non
1200 1585 1327 1616 respondit
1343 1583 1346 1613 Ι
1363 1584 1407 1608 sed
1427 1583 1490 1616 [alii:
1511 1583 1659 1616 secundum]
1678 1585 1731 1608 eius
1745 1591 1871 1616 proceres;
1891 1584 2026 1608 secundum
2054 1589 2065 1607 5

191 1629 337 1652 Aecursium
363 1628 396 1651 ibi
420 1628 483 1651 infra
507 1628 532 1651 in
556 1627 645 1658 glossa.
681 1628 841 1651 Concordant
865 1628 1006 1651 Bernardus
1028 1632 1053 1651 et
1071 1627 1210 1659 Phylippus
1228 1627 1269 1651 hic
1286 1632 1310 1650 et
1330 1627 1486 1651 Vincentius.
1503 1626 1506 1657 Ι
1523 1627 1557 1650 Et
1575 1627 1609 1650 ibi
1628 1628 1700 1650 Non
1719 1627 1844 1658 plures,
1869 1627 1901 1650 de
1919 1634 1970 1658 quo
1987 1628 2027 1650 dic

190 1675 218 1694 ut
235 1671 299 1694 inira
317 1671 348 1694 de
366 1671 512 1701 cognatione
530 1670 659 1702 spirituali,
677 1670 785 1701 capitulo
803 1670 900 1698 ultimo,
920 1671 944 1693 in
963 1671 1085 1701 principio
1104 1670 1159 1693 libri
1178 1670 1224 1693 VI.
1241 1669 1244 1701 Ι
1262 1667 1346 1695 Cum
1366 1667 1536 1695 ordinem.
1564 1668 1650 1693 Casus.
1679 1669 1863 1699 Cystercienses
1883 1677 1927 1700 per
1944 1670 2028 1693 rescri-

192 1717 271 1744 ptum,
286 1714 290 1743 Ι
307 1721 356 1744 (100
375 1721 424 1736 11011
443 1713 474 1736 fit
490 1713 585 1736 mentio
603 1713 635 1736 de
653 1713 739 1736 ordine
757 1720 811 1741 suo,
830 1713 955 1736 conueniri
975 1720 1025 1736 non
1038 1717 1149 1744 possunt.
1163 1712 1172 1744 ΙΙ
1186 1712 1317 1736 Diuisione
1330 1720 1379 1736 non
1393 1716 1454 1743 eget.
1468 1725 1500 1729 —-—
1513 1712 1714 1743 Specialiter
1732 1717 1757 1736 et
1775 1712 1936 1743 singulariter.
1968 1712 2028 1736 Non
2044 1717 2067 1730 ¹0

192 1756 258 1779 enim
271 1755 380 1786 loquitur
392 1755 393 1787 Ι
405 1756 436 1779 de
449 1755 546 1778 indulto
557 1755 615 1778 iuris
628 1755 776 1783 communis,
789 1755 828 1778 uel
842 1763 896 1779 cum
910 1763 954 1786 per
965 1755 1120 1786 priuilegium
1131 1755 1245 1778 concedit
1254 1755 1280 1778 id
1289 1755 1358 1786 quod
1367 1755 1399 1778 de
1409 1755 1460 1778 iure
1472 1753 1475 1786 Ι
1487 1755 1653 1785 competebat,
1668 1755 1803 1778 secundum
1814 1755 1984 1778 vincentium.
1996 1769 2028 1773 —

193 1798 346 1821 Indulsit.
382 1799 437 1822 Aut
454 1798 535 1822 littere
556 1798 587 1822 de
605 1798 657 1821 iure
675 1798 801 1821 communi
820 1796 982 1829 inpletrantur
1000 1802 1086 1821 contra
1104 1797 1288 1827 Cystercienses
1307 1805 1380 1828 super
1396 1797 1452 1825 hiis,
1472 1805 1545 1828 super
1563 1797 1652 1828 quibus
1671 1801 1728 1820 sunt
1747 1797 1905 1828 priuilegiati;
1929 1802 1954 1821 et
1972 1802 2030 1820 tunc

196 1840 313 1871 Ι511111011,
332 1840 400 1871 (10οἀ
419 1841 464 1864 fiat
482 1841 577 1864 mentio
598 1841 629 1864 de
647 1841 741 1864 ordine.
772 1842 826 1864 Aut
844 1839 1031 1872 impetra[n]tur
1049 1840 1130 1863 littere
1147 1840 1187 1863 uel
1201 1840 1210 1871 ΙΙ
1223 1840 1376 1870 indulgentie
1394 1844 1479 1863 contra
1497 1839 1671 1871 priuillegium,
1690 1840 1760 1871 quod
1771 1840 1873 1867 habent,
1891 1844 1916 1864 et
1929 1845 1987 1864 tunc
1999 1839 2030 1863 de
2045 1849 2067 1867 ¹5

193 1882 323 1914 priuilegio
346 1884 441 1906 mentio
457 1883 460 1914 Ι
477 1883 531 1906 fieri
556 1883 645 1910 debet;
670 1883 734 1906 infra
754 1883 785 1906 de
804 1890 829 1906 re
848 1883 954 1906 iudicata
972 1883 1063 1906 Inter
1081 1883 1326 1910 monasterium,
1351 1887 1375 1905 et
1394 1886 1452 1905 nota
1471 1890 1544 1913 supra
1563 1890 1616 1913 cap.
1639 1889 1659 1905 1.
1696 1882 1921 1914 Compostellanus.
1957 1882 2028 1906 Idem

193 1924 394 1957 Ostiensis,[qui
417 1926 534 1949 subaudit
561 1926 692 1953 ‘maxime’‚
717 1925 777 1949 dicit
801 1926 874 1949 etiam
899 1925 934 1949 sic
958 1925 1049 1948 seruari
1075 1926 1101 1948 in
1125 1926 1199 1953 curia,
1224 1925 1292 1956 quod
1316 1925 1386 1948 litera
1408 1925 1539 1956 impetrata
1555 1924 1558 1956 Ι
1574 1929 1658 1948 contra
1677 1925 1869 1956 Cystercienses,
1897 1932 1947 1948 non
1964 1925 2030 1948 facta

193 1967 319 1991 mentione
337 1967 369 1991 de
387 1968 473 1991 ordine
491 1975 585 1995 eorum,
603 1975 652 1991 non
669 1967 672 1999 Ι
688 1968 777 1991 ualeat.
810 1968 996 1998 Religiosorum
1015 1968 1081 1991 enirn
1100 1968 1141 1990 alii
1165 1967 1218 1991 aliis
1243 1967 1437 1991 fauorabiliores.
1473 1967 1523 1991 Sed
1540 1967 1572 1990 ad
1585 1968 1594 1998 ΙΙ
1609 1968 1634 1990 id
1652 1967 1720 1998 quod
1738 1967 1831 1991 dictum
1849 1972 1895 1995 est,
1914 1975 1964 1991 non
1976 1974 2030 1991 esse
2044 1976 2068 1989 20

194 2017 294 2034 necesse
318 2010 372 2033 fieri
396 2011 548 2034 mentionem
573 2011 604 2034 de
627 2010 765 2041 priuilegio,
790 2011 896 2034 obicitur
912 2010 915 2041 Ι
932 2011 994 2033 inira
1015 2018 1068 2041 cap.
1088 2009 1310 2034 Constitutus.
1347 2010 1373 2033 Si
1398 2010 1463 2033 enim
1491 2018 1541 2033 non
1559 2009 1644 2033 ualent
1663 2010 1696 2033 ibi
1715 2010 1804 2038 littere,
1829 2010 1853 2033 in
1871 2010 1962 2041 quibus
1980 2017 2030 2033 non

194 2052 242 2076 fuit
260 2052 324 2076 tacta
339 2051 343 2084 Ι
358 2053 454 2076 mentio
471 2053 503 2076 de
523 2057 625 2081 statuto,
644 2061 702 2083 ergo
720 2060 770 2076 non
788 2053 907 2076 ualebunt
927 2053 1015 2081 littere,
1035 2053 1059 2076 in
1078 2053 1168 2084 quibus
1187 2060 1236 2076 non
1255 2053 1284 2076 fit
1303 2053 1396 2076 mentio
1412 2052 1416 2084 Ι
1432 2053 1463 2076 de
1482 2052 1633 2084 priuillegio;
1653 2053 1697 2076 sed
1716 2052 1777 2076 illud
1795 2053 1819 2076 in
1838 2053 1925 2076 litteris
1943 2053 2030 2083 gratie,

194 2102 264 2118 secus
286 2095 312 2118 in
329 2095 416 2118 litteris
435 2096 527 2119 iustitie
543 2095 547 2127 Ι
562 2096 698 2119 secundum
719 2096 899 2119 Innocentium.
919 2109 950 2112 —
964 2096 1112 2123 Ordinis,
1136 2103 1185 2119 non
1204 2095 1267 2119 dixit
1288 2095 1491 2126 priuillegiorum.
1513 2095 1522 2127 ΙΙ
1545 2097 1556 2119 I
1574 2095 1656 2126 glossa
1674 2096 1807 2126 respondet
1825 2103 1869 2126 per
1887 2096 2032 2126 questiones
2046 2103 2069 2121 25

194 2137 255 2168 quid
272 2137 305 2161 sit
322 2144 396 2168 super
413 2145 438 2161 re
458 2145 508 2161 non
526 2138 687 2169 privillegiata
705 2142 729 2161 et
747 2146 767 2161 0.
803 2138 917 2161 Secunda
934 2138 1016 2169 glossa
1032 2138 1035 2168 Ι
1052 2138 1095 2161 dat
1112 2138 1209 2165 simille,
1228 2143 1352 2170 prorogat,
1376 2139 1452 2162 obicit
1476 2142 1500 2162 et
1518 2138 1600 2162 soluit.
1618 2138 1621 2170 Ι
1637 2139 1667 2162 In
1685 2138 1766 2169 glossa
1785 2138 1818 2165 ΙΙ,
1843 2138 1877 2161 ibi
1895 2138 1931 2161 In
1950 2142 2030 2166 toto,

194 2180 306 2210 sequitur
322 2180 375 2203 iure
391 2180 476 2211 generi
494 2187 538 2211 per
556 2180 663 2211 speciem
682 2180 820 2211 derogatur,
845 2185 869 2203 et
888 2180 949 2204 illud
967 2180 1177 2211 potenltissimum
1196 2180 1308 2209 habetur,
1326 2181 1395 2212 quod
1414 2181 1445 2204 ad
1463 2181 1570 2212 speciem
1590 2181 1710 2204 directum
1731 2185 1774 2204 est.
1810 2181 1840 2204 Iu
1858 2180 1940 2211 glossa
1958 2181 1978 2208 Ι,
1997 2180 2031 2203 ibi

195 2221 310 2251 Aliud,
336 2230 386 2245 non
410 2226 447 2246 est
471 2222 547 2250 aliud,
570 2230 628 2254 ymo
651 2222 700 2246 hoc
718 2228 754 2246 est
772 2223 945 2253 priuillegium,
972 2223 1038 2253 quod
1063 2223 1133 2253 ponit
1156 2223 1202 2246 hec
1220 2223 1228 2254 ΙΙ
1248 2223 1384 2251 decretalis,
1410 2228 1434 2246 et
1459 2223 1493 2246 ibi
1518 2224 1728 2246 Mentionem.
1769 2224 1841 2246 Idem
1863 2223 2031 2246 Innocentius.
2047 2230 2070 2249 30

195 2265 225 2288 In
250 2264 331 2296 glossa
354 2265 395 2292 Π,
424 2265 459 2288 ibi
483 2265 718 2293 Generalibus,
740 2268 743 2296 Ι
765 2265 900 2288 secundum
931 2273 1015 2288 ueram
1046 2265 1177 2293 lecturam,
1208 2265 1239 2289 de
1270 2273 1319 2296 qua
1350 2273 1424 2296 supra
1454 2265 1535 2296 glossa
1563 2266 1688 2296 proxima,
1718 2273 1774 2288 cum
1804 2264 1853 2288 hoc
1875 2265 2031 2296 priuilegium

195 2307 268 2331 detur
291 2307 294 2338 Ι
315 2312 400 2331 contra
427 2307 560 2338 singularia
586 2309 710 2339 rescripta,
739 2316 784 2339 per
809 2308 849 2331 illa
877 2308 928 2331 tolli
956 2315 1006 2331 non
1032 2313 1123 2339 potest,
1151 2308 1227 2339 ipsius
1246 2308 1372 2331 mentione
1390 2307 1549 2340 1100113013,
1567 2307 1626 2331 alias
1646 2312 1710 2331 esset
1734 2307 1828 2331 inutile.
1853 2321 1886 2324 —
1911 2307 1931 2330 C
1939 2312 2033 2330 ontra

196 2349 421 2381 priuillegium
456 2350 592 2373 secundum
625 2351 782 2374 Tancredum
807 2351 926 2374 rationem
954 2358 1029 2381 quere
1057 2350 1150 2376 XXV,
1175 2350 1179 2380 Ι
1204 2358 1246 2381 qu.
1274 2351 1299 2373 II
1332 2350 1357 2373 in
1390 2350 1441 2374 fine
1473 2357 1577 2374 summe.
1622 2350 1728 2373 Dicebat
1759 2350 1933 2377 Innocentius,
1965 2350 2033 2379 quod

196 2392 338 2423 suppressio
360 2392 471 2416 ueritatis
493 2392 562 2424 110011
575 2393 715 2421 inducebat,
740 2401 797 2424 que,
821 2395 841 2416 si
860 2393 947 2416 fuisset
966 2400 1089 2424 expressa,
1107 2400 1158 2415 non
1176 2392 1302 2416 habuisset
1320 2392 1425 2420 litteras:
1446 2392 1502 2424 [sed
1520 2392 1567 2416 hoc
1585 2393 1632 2416 sibi
1651 2400 1700 2416 non
1719 2393 1808 2423 placet,
1826 2393 1884 2423 quia
1910 2393 2032 2423 potuisset
2046 2399 2069 2419 35

198 2433 303 2465 litteras]
325 2434 356 2458 de
379 2434 472 2458 iustitia
495 2435 498 2465 Ι
519 2434 647 2461 113δο1550;
677 2439 705 2458 ut
728 2436 749 2458 si
772 2436 894 2459 diceretur
917 2435 1056 2466 priuillegio
1081 2437 1153 2459 tacite
1176 2435 1217 2458 uel
1242 2442 1356 2466 expresse
1379 2434 1565 2466 1011011013Ι10111,
1593 2435 1625 2458 de
1643 2435 1753 2462 decimis,
1771 2435 1816 2458 Ex
1835 2434 2032 2466 multiplici,

197 2477 229 2500 de
241 2476 383 2508 priuilegiis,
393 2477 545 2501 Acceden
553 2477 650 2501 tibus.
666 2477 734 2501 Dicit
744 2477 973 2509 Compostellanus:
990 2479 991 2508 Ι
1006 2477 1054 2500 1100
1063 2478 1237 2508 priuillegium,
1249 2478 1307 2501 licet
1318 2478 1350 2501 sit
1361 2477 1483 2508 generale,
1496 2478 1607 2501 continet
1616 2482 1698 2500 tamen
1711 2478 1797 2501 omnia
1805 2477 1852 2501 sub
1860 2476 2032 2509 generalitate}

198 2523 322 2547 contenta,
345 2519 438 2542 scilicet
462 2520 546 2542 omnia
569 2520 718 2543 monasteria
741 2520 851 2543 eiusdem
877 2520 984 2548 ordinis;
1009 2520 1067 2543 item
1093 2520 1168 2543 simul
1189 2528 1275 2544 omnes
1288 2520 1297 2551 ΙΙ
1311 2520 1404 2543 litteras
1429 2524 1549 2548 remouet,
1575 2528 1623 2551 que
1646 2524 1731 2543 contra
1751 2520 1916 2551 priuillegium
1941 2520 2033 2544 fuerint
2048 2531 2072 2549 ⁴0

199 2563 337 2593 impetrate.
372 2562 448 2585 Unde
463 2562 467 2593 Ι
483 2569 533 2585 nou
555 2562 623 2586 ualet
646 2562 760 2593 speciale,
785 2563 805 2585 si
823 2563 854 2586 de
873 2563 927 2593 ipso
946 2570 995 2586 non
1014 2563 1073 2585 facit
1091 2563 1244 2586 mentionem
1263 2566 1291 2586 ut
1308 2563 1359 2586 dixi
1377 2570 1450 2593 supra
1474 2570 1528 2593 cap.
1547 2563 1559 2586 I
1579 2568 1604 2586 et
1626 2562 1629 2593 Ι
1651 2563 1685 2586 ibi
1710 2562 1897 2593 allegaturi.
1933 2563 1959 2586 Si
1983 2570 2034 2586 non

200 2605 229 2627 fit
247 2604 340 2627 mentio
358 2604 389 2627 de
407 2604 502 2633 ordine,
521 2612 570 2628 non
590 2609 704 2628 tenentur
721 2605 804 2628 uenire
820 2604 824 2636 Ι
839 2605 921 2632 citam
942 2610 974 2633 et,
992 2605 1012 2627 51
1032 2605 1135 2628 ferratur
1148 2605 1270 2628 sententia
1282 2606 1307 2628 in
1320 2613 1371 2633 eos,
1389 2613 1439 2628 non
1451 2605 1525 2628 ualet.
1555 2605 1598 2628 Ad
1611 2605 1659 2628 1100
1675 2605 1706 2628 de
1718 2605 1850 2636 prebendis
1862 2613 1914 2636 cap.
1927 2604 2031 2636 0111111οΙ

198 2646 333 2670 secundum
358 2646 500 2670 Ostiensem
525 2651 550 2670 et
567 2647 592 2670 in
611 2647 662 2670 fine
679 2647 815 2670 secundum
834 2647 998 2671 Tancredum.
1028 2647 1098 2670 Idem
1115 2647 1213 2671 uidetur
1230 2648 1294 2671 uelle
1312 2648 1472 2671 Innocentius
1485 2648 1516 2671 de
1529 2648 1577 2671 hoc
1590 2648 1629 2671 [Π
1642 2652 1721 2678 quest.
1733 2648 1766 2675 Π,
1779 2646 1781 2679 Ι
1794 2647 1826 2671 Si
1844 2648 1913 2678 epis
1921 2655 2033 2678 copus,

199 2693 224 2712 et
233 2689 297 2712 infra
311 2689 343 2712 de
353 2690 557 2717 accusationibus,
567 2690 731 2717 Veniens,
744 2690 768 2712 in
781 2689 866 2713 ultima
879 2690 968 2720 glossa.
981 2689 990 2721 ΙΙ
1005 2709 1010 2713 .
1021 2708 1024 2711 .
1034 2707 1039 2712 .
1053 2691 1062 2720 ΙΙ
1076 2690 1193 2721 quoniam
1208 2689 1255 2721 [in]
1263 2691 1398 2713 Autentica
1411 2691 1454 2714 Ut
1471 2690 1556 2713 nulli
1576 2690 1728 2717 iudicum,
1741 2690 1762 2721 ξ.
1775 2690 1816 2713 Ε1
1827 2689 1887 2713 1100
1904 2697 2033 2721 quoque
2047 2692 2096 2711 Col.
2111 2692 2134 2711 ΙΙ

199 2736 224 2755 et
242 2731 255 2763 ξ
274 2732 396 2763 sequenti.
428 2732 549 2763 Arguitur
561 2732 590 2755 ff.
604 2731 647 2763 [=
658 2731 774 2763 Digesta]
793 2733 825 2756 de
843 2733 987 2756 conditione
999 2731 1001 2763 Ι
1013 2732 1125 2759 indebiti,
1139 2731 1154 2754 l.
1169 2732 1270 2759 Filie;
1291 2733 1318 2755 tf.
1335 2733 1366 2756 de
1380 2733 1468 2756 annuis
1481 2733 1576 2763 legatis,
1595 2733 1610 2755 l.
1624 2734 1753 2759 Annua,
1773 2732 1795 2763 ἓ,
1808 2732 1889 2756 Atitia
1902 2731 1929 2764 [1.
1942 2731 2026 2763 Attia]

200 2774 263 2797 infra
281 2773 312 2797 de
330 2774 417 2802 usuris,
434 2776 437 2806 Ι
453 2775 528 2798 Τ113.
558 2774 609 2798 Sed
623 2779 706 2798 contra
725 2775 756 2798 de
774 2775 923 2798 alienatione
942 2775 1025 2798 iudicii
1041 2775 1153 2798 mutandi
1165 2783 1239 2798 causa
1253 2775 1327 2802 facta,
1346 2783 1398 2806 cap.
1422 2782 1441 2802 1,
1459 2775 1502 2798 vbi
1517 2775 1634 2802 innuitur,
1653 2775 1728 2805 quod,
1747 2775 1766 2797 si
1781 2774 1831 2802 ille,
1850 2778 1934 2798 contra
1949 2782 2023 2806 quem
