2151 3261
958 271 999 280 >-
1042 260 1165 287 xxvn
1209 276 1250 280 —

341 358 404 392 39.
438 353 540 390 Regin.
566 361 634 389 711,
658 353 728 382 olim
751 354 921 381 monasterii
940 353 967 381 S.
984 353 1082 380 Albini
1107 353 1332 390 Andegavensis
1356 352 1568 389 (Saint-Aubin
1591 353 1745 389 d‘Angers,
1769 362 1794 379 v.
1818 353 1835 379 f.
1855 361 1890 389 ιιι,
1914 357 2020 388 postea

188 404 398 441 bybliothecae
414 404 595 432 Petavianae
610 404 724 441 (Petau,
747 413 773 431 V.
789 404 939 437 DELISLE,
963 403 1090 432 Cabinet
1113 404 1166 432 des
1188 412 1256 431 mss.
1272 403 1296 436 1,
1320 403 1379 439 287
1396 402 1454 439 ss).
1491 403 1604 436 Codex,
1628 403 1828 440 compluribus
1844 403 2019 431 constitutus

188 455 374 492 fragmentis3
404 455 435 482 ff.
462 454 562 491 1—36
593 454 665 492 (263
684 456 717 489 ><
741 462 793 490 191
821 454 903 491 mm.)
935 455 1067 482 continet
1098 455 1260 482 ‘chronicas
1290 454 1317 482 S.
1341 454 1441 481 Albini
1472 454 1724 490 Andegavenses',
1754 454 1854 482 litteris
1885 453 2020 482 Gothicis

188 506 308 534 saeculo
323 506 387 533 XII
411 510 540 533 exeunte
558 505 589 532 in
608 505 705 533 Gallia
727 510 870 533 exaratas.
908 505 970 533 Fol.
988 505 1050 541 362
1074 506 1157 542 quod
1180 505 1364 539 exhibemus,
1387 506 1527 541 scriptum
1550 505 1668 532 videtur
1689 514 1736 532 an.
1764 504 1842 532 1206
1867 504 1905 542 (v.
1921 505 1953 532 ff.
1969 512 2018 541 37,

194 565 217 590 1,
252 556 302 594 iv).
352 556 469 584 Partem
500 557 530 584 in
562 565 598 584 eo
629 561 801 584 contentam
831 556 926 584 habes
957 556 1067 584 editam
1098 557 1128 583 in
1151 556 1273 584 Recueil
1304 556 1358 583 des
1388 556 1546 583 historiens
1575 556 1629 583 des
1660 555 1772 583 Gaules
1800 555 1918 588 XVIII,
1949 562 2019 591 325.

189 603 214 638 ἿῙ
233 604 321 638 [Anno
338 605 441 629 MCCH
464 610 518 629 orta
544 610 582 629 est
604 613 691 636 guerra
714 605 779 628 inter
801 612 883 636 regem
901 605 1055 629 Francorum
1081 610 1106 629 et
1132 613 1215 636 regem
1232 605 1373 636 Anglorum
1398 613 1428 628 eo
1453 605 1522 636 quod
1546 613 1589 628 rex
1606 605 1712 628 Francie
1732 605 1810 628 filiam
1828 613 1899 628 suam
1917 605 2020 628 dederat

188 649 290 676 Arturo,
322 656 379 679 rege
410 648 503 679 Anglie
530 648 678 672 inconsulto.
722 649 834 678 Accepta
861 652 945 671 autem
973 647 1032 676 filia,
1060 648 1126 671 idem
1154 650 1262 671 Arturus
1292 648 1395 671 accessit
1421 648 1454 671 ad
1480 647 1660 678 Mirabellum}
1684 648 1846 675 Francorum,
1879 648 2020 674 Britonum‚

188 690 380 714 pictaviensium
404 690 565 714 multitudiue
587 690 728 717 comitatus,
751 690 795 713 ubi
818 690 844 712 in
867 689 908 713 die
931 690 998 713 beati
1018 690 1095 717 Petri,
1121 698 1169 721 que
1193 690 1284 714 dicitur
1300 690 1333 713 ad
1348 690 1352 722 Ι
1367 690 1484 717 Uincula,
1501 694 1588 721 mptus
1606 690 1655 713 fuit
1672 697 1727 713 cum
1746 690 1858 721 pluribus
1877 690 2020 717 baronibus,

189 732 232 763 qui
255 740 312 756 cum
338 740 369 756 eo
391 736 519 756 uenerant.
555 733 590 755 Et
613 732 703 755 exinde
721 731 868 755 Willeimus
892 732 924 755 de
949 732 1075 763 Rupibus,
1100 732 1292 763 Andegaueusis
1317 732 1474 760 senesoellus,
1490 732 1493 763 Ι
1509 733 1671 759 Francorum,
1693 732 1834 760 Britonum,
1852 732 2020 759 Pictavomm

187 775 409 806 Andegauensium
433 774 568 797 baronibus
593 775 733 800 comitatus,
757 778 857 805 accepta
881 779 967 797 contra
991 782 1073 805 regem
1092 774 1200 805 Angliae
1221 782 1316 805 guerra,
1340 775 1382 798 die
1399 775 1513 798 mercurii
1528 775 1532 805 1
1548 780 1606 798 ante
1624 775 1716 798 festum
1735 775 1855 799 Omnium
1873 774 2020 798 Sanctorum

188 817 254 848 cepit
287 817 414 840 ciuitatem
444 817 654 847 Andegavensem
690 820 715 839 et
750 823 805 839 aem
841 816 956 841 muniuit.
1003 817 1052 840 Die
1083 822 1166 840 autem
1201 817 1316 840 mercurii
1350 822 1408 840 ante
1437 817 1641 840 Purifimtionem
1666 817 1676 847 ῘῙ
1699 817 1773 841 beate
1802 817 1884 840 Marie
1918 817 2021 840 accessit
2048 821 2058 839 5

188 859 316 882 Robertus
340 859 372 881 de
396 858 538 882 Turneham
561 858 594 881 ad
618 858 731 881 eamdem
755 859 890 886 ciuitatem,
919 864 952 886 et,
976 867 1005 882 ea
1029 858 1204 882 miserabiliter
1221 859 1356 890 depredata
1375 864 1400 883 et
1417 860 1442 882 in
1460 865 1530 890 parte
1547 859 1686 887 combusta,
1701 858 1705 890 Ι
1721 860 1829 883 secessit.
1846 858 1850 891 fl
1866 873 1899 876 —-
1919 858 2020 890 [Anno]

188 901 226 925 M.
236 900 287 924 CC.
298 901 346 929 111,
378 901 404 924 in
430 901 495 924 festo
521 900 636 924 Paschali
662 901 722 924 feria
748 901 775 923 Π
801 901 950 924 adueniente
978 901 1109 924 Willelmo
1135 901 1168 924 de
1193 901 1323 932 Rupibus,
1353 901 1489 925 senesoello
1515 901 1702 932 Andegauensi,
1724 901 1728 932 Ι
1749 909 1805 925 cum
1832 902 1941 924 exercitu
1967 908 2021 927 suo,

187 943 356 966 Beaufordum
382 943 436 966 sine
459 942 578 967 conflictu
602 943 624 966 ei
650 943 747 966 reddita
771 947 815 966 eet.
851 943 943 967 Denuo
967 943 1031 967 infra
1055 943 1108 966 dies
1128 943 1184 966 XV
1202 943 1334 975 Philippus
1356 951 1397 967 rex
1416 944 1569 967 Francorum
1587 944 1696 975 nauigio
1713 944 1836 967 adductus
1853 943 1960 967 Saumur
1977 950 2022 966 sue

187 985 277 1009 ditioni
302 985 452 1016 subiugauit.
486 985 518 1008 In
541 985 630 1008 eodem
654 986 729 1008 etiam
753 993 840 1009 mense
865 985 932 1016 apud
952 986 1067 1009 Castrum
1086 986 1190 1009 Nouum
1214 986 1333 1009 conuenit
1357 987 1479 1010 exercitus
1497 986 1663 1017 Pictaguensis
1688 990 1713 1009 et
1730 986 1922 1016 Andegauensis
1946 986 2022 1009 comi-

188 1028 297 1051 tantibus
314 1028 475 1051 Britannibus
502 1032 527 1051 et
550 1028 613 1051 inito
630 1027 743 1053 conflitu.
767 1032 792 1051 et
810 1028 1005 1051 defendentibus
1022 1035 1049 1051 se
1068 1028 1132 1056 aliis,
1157 1028 1270 1052 obtinere
1288 1036 1337 1052 nou
1356 1034 1487 1060 poterant:
1513 1029 1558 1051 sed
1576 1028 1684 1058 deliinde
1702 1028 1835 1052 deficiente
1853 1028 1917 1059 regis
1929 1028 2022 1059 Anglie
2038 1033 2060 1045 ¹0

187 1070 280 1093 auxilio
302 1075 328 1094 et
351 1070 464 1098 consilio,
487 1070 554 1094 ciues
578 1070 689 1093 eiusdem
713 1070 786 1093 mstri
808 1078 863 1093 sffie
880 1071 984 1101 pacifice
1002 1071 1214 1095 contradiderunt.
1249 1071 1285 1094 Et
1303 1071 1449 1094 willelmus
1468 1079 1527 1095 sene
1537 1071 1636 1098 soellus,
1654 1079 1684 1094 ex
1702 1071 1874 1102 indignatione
1893 1071 1979 1094 turrim
1998 1076 2023 1093 et

186 1120 271 1136 muros
297 1112 424 1136 solotenus
451 1113 592 1144 prostrauit.
633 1112 732 1136 Deinde
759 1113 790 1136 de
816 1113 857 1136 die
884 1113 910 1136 in
936 1113 1004 1136 diem
1028 1113 1193 1144 multiplicata
1220 1119 1259 1137 est
1280 1113 1284 1144 1
1306 1114 1405 1137 miseria
1432 1114 1456 1137 in
1484 1114 1626 1145 regionibns
1651 1113 1835 1141 Cenomannie,
1861 1113 1973 1136 Pictavie
1997 1118 2022 1136 et

186 1155 334 1186 Andegavie
357 1160 383 1178 et
402 1155 539 1182 Britannie,
566 1155 600 1178 ita
622 1159 651 1178 ut
673 1155 739 1178 uillis
763 1160 789 1178 et
812 1155 898 1178 mser-is
922 1160 947 1178 et
969 1155 1076 1186 oplpidis
1100 1155 1242 1186 depredatis
1267 1160 1291 1179 et
1315 1156 1450 1179 combustis
1477 1156 1540 1179 nulli
1564 1156 1624 1179 etati
1647 1160 1690 1179 aut
1714 1156 1852 1179 conditioni
1875 1160 2022 1187 parceretur.

187 1198 321 1228 Ingruente
347 1197 423 1228 igitur
446 1197 565 1221 hinterim
591 1198 720 1221 seditionis
746 1197 855 1228 procella
870 1197 873 1227 Ι
889 1205 931 1221 rex
949 1197 1088 1228 Anglorum
1116 1198 1148 1221 de
1174 1198 1225 1221 suis
1251 1206 1321 1229 spem
1351 1199 1442 1222 bonam
1470 1203 1608 1229 reportans,
1634 1198 1725 1229 quibus
1743 1198 1846 1221 tutelam
1865 1198 2023 1221 Normannie

185 1239 351 1267 commiserat,
375 1240 484 1263 instante
507 1240 617 1263 aduenru
638 1240 751 1268 Domini,
764 1239 773 1270 l!
786 1240 812 1263 in
829 1240 948 1270 Angliam
974 1240 1152 1267 transfretauit,
1176 1245 1212 1268 ut,
1237 1241 1328 1263 iterum
1353 1245 1467 1271 reparato
1489 1241 1606 1267 exercitu,
1630 1241 1718 1263 fortior
1742 1245 1767 1264 et
1790 1240 1898 1264 securior
1922 1240 2021 1263 rediret.
2037 1244 2060 1263 ¹5

187 1282 255 1311 (Hoc
271 1290 346 1310 anno,
359 1282 504 1306 Willelmus
522 1282 554 1305 de
566 1282 725 1306 Bellomonte
743 1282 768 1305 in
785 1283 893 1306 crastino
910 1283 988 1306 sancti
1002 1283 1112 1306 Maurilii
1129 1287 1285 1306 consecratus
1303 1287 1341 1306 est
1353 1283 1501 1314 episcopus.)
1525 1283 1630 1307 Interim
1641 1289 1726 1306 autem
1738 1282 1876 1315 Alienolra,
1895 1283 2022 1314 quondam

186 1324 327 1354 Anglorum
350 1325 434 1355 regina
458 1329 484 1347 et
507 1325 571 1355 regis
594 1329 681 1352 mater,
705 1325 772 1355 apud
789 1325 913 1348 Pictauim
939 1326 964 1348 in
989 1326 1040 1348 fata
1059 1326 1171 1352 recessit;
1196 1325 1229 1348 de
1247 1325 1316 1349 cuius
1334 1331 1415 1349 morte
1433 1333 1475 1349 rex
1493 1325 1714 1349 uehementissime
1730 1325 1733 1356 Ι
1749 1326 1918 1353 contristatus,
1944 1325 2023 1356 magis

187 1367 235 1390 sibi
271 1367 367 1395 timuit,
402 1372 427 1390 et
461 1368 487 1390 in
519 1368 703 1391 Normanniam
744 1368 823 1391 redire
855 1368 920 1391 ultra
952 1376 1027 1399 quam
1060 1363 1120 1391 satis
1151 1367 1256 1392 distulit.
1306 1368 1421 1391 Audiens
1454 1368 1539 1399 itaque
1570 1375 1612 1391 rex
1642 1367 1802 1399 Franloorum
1837 1367 1901 1398 regis
1929 1367 2023 1398 Anglie

187 1410 332 1434 discessum.
356 1410 381 1433 in
399 1410 581 1434 Normanniam
605 1417 662 1433 cum
686 1410 754 1432 omni
778 1411 887 1433 exercitu
911 1417 957 1433 suo
981 1417 1008 1433 se
1032 1410 1142 1441 ingessit.
1167 1414 1193 1433 et
1210 1410 1347 1433 combustis
1365 1414 1391 1433 et
1407 1409 1548 1441 captiluatis
1565 1410 1676 1441 undique
1695 1410 1794 1441 oppidis
1814 1414 1839 1433 et
1855 1409 1963 1440 populis,
1990 1409 2023 1432 ad

187 1451 312 1475 falesiam
336 1452 446 1480 devenit,
470 1459 545 1483 quam
569 1453 619 1475 sibi
641 1452 696 1475 sine
721 1452 873 1476 difficultate
895 1452 966 1484 prelii
989 1452 1139 1484 subiugauit.
1180 1452 1300 1483 1n2]ter·im
1326 1460 1340 1475 a
1367 1452 1512 1475 Britonibus
1536 1453 1612 1475 Mons
1630 1452 1715 1476 Sancti
1733 1451 1863 1476 Michaelis
1887 1459 1943 1475 cum
1966 1452 2021 1483 ipsa
2035 1461 2060 1474 20

186 1494 287 1517 abbatia
310 1494 368 1525 igue
390 1494 509 1526 imposito
532 1494 683 1519 deuastatur.
718 1495 775 1518 Nec
792 1502 870 1522 mora,
886 1494 890 1526 Ι
906 1494 1084 1525 Rothomagus
1102 1499 1127 1518 et
1145 1494 1257 1518 Vernuel
1275 1502 1329 1517 sese
1347 1494 1413 1518 ultro
1431 1494 1567 1522 dederunt:
1594 1499 1618 1517 et
1636 1494 1672 1518 sic
1690 1498 1743 1518 tota
1759 1494 1917 1518 Normannia
1934 1494 2024 1517 ditioni

186 1537 251 1567 regis
270 1537 422 1560 Francorum
449 1544 494 1568 per
519 1536 687 1569 selductiones
714 1537 846 1560 manifeste
873 1537 1010 1560 succubuit.
1046 1537 1144 1560 Uidens
1173 1537 1258 1568 itaque
1284 1544 1327 1560 rex
1354 1537 1508 1560 Francorum
1535 1537 1583 1560 sibi
1609 1544 1726 1568 prospere
1749 1537 1816 1568 apud
1839 1536 2023 1560 Normanniam

187 1578 364 1611 suc}ce[ssi]sse
387 1579 454 1611 apud
473 1578 572 1603 Chinon
596 1580 730 1603 exercitum
756 1580 923 1610 congregauit,
948 1584 973 1602 et
989 1579 1077 1603 habito
1095 1579 1208 1603 inaudito
1225 1579 1353 1607 conflictu,
1377 1580 1419 1602 vix
1438 1580 1539 1604 tandem
1557 1579 1686 1603 castellum
1705 1580 1737 1603 de
1755 1579 1870 1603 Russeth
1887 1581 1890 1606 Ι
1907 1580 2024 1607 obtinuit,

187 1626 213 1645 et
229 1622 288 1645 inde
306 1622 433 1650 recedens,
450 1622 609 1646 willelmum
628 1622 660 1646 de
673 1622 792 1653 Rupibus
810 1630 866 1645 cum
885 1623 995 1646 exercitu
1007 1622 1166 1646 Pictavorum
1182 1626 1207 1645 et
1219 1622 1439 1653 Andegauensium
1460 1627 1484 1646 et
1496 1622 1647 1646 Francorum
1660 1623 1693 1646 ad
1705 1622 1826 1654 oppidum
1839 1621 2022 1653 obsiiffidendum
2038 1631 2062 1650 25

187 1664 288 1695 reliquit
310 1669 336 1687 et
358 1664 426 1695 apud
443 1664 542 1688 Loches
565 1672 620 1688 sese
643 1665 745 1696 recepit,
764 1669 790 1688 et
806 1672 867 1696 pace
885 1665 1025 1688 seductoria
1043 1665 1160 1688 obtinuit.
1197 1664 1262 1688 Cum
1280 1669 1364 1688 autem
1382 1665 1478 1688 videret
1495 1672 1537 1688 rex
1556 1665 1717 1692 Francorum,
1733 1664 1738 1696 1
1753 1665 1822 1695 quod
1839 1664 1886 1688 uiri
1904 1664 2024 1687 memoria

187 1706 256 1737 digni
273 1707 317 1738 qui
335 1711 405 1730 erant
421 1708 484 1730 iutra
503 1712 609 1731 oestrum
628 1706 734 1737 Chynon
753 1707 821 1731 nullo
838 1707 964 1735 conflictu,
983 1707 1022 1730 vel
1039 1715 1120 1738 prece,
1138 1707 1178 1730 vel
1195 1707 1283 1738 pretio,
1302 1707 1340 1730 vel
1358 1708 1486 1739 promissis
1499 1707 1632 1731 Willelmo
1647 1706 1651 1739 Ι
1667 1708 1698 1731 de
1710 1708 1831 1738 Rupibus
1848 1715 1876 1730 se
1893 1707 2024 1730 redderent

187 1749 255 1780 apud
273 1749 371 1773 Chinon
397 1757 424 1773 se
449 1750 554 1774 contulit
581 1755 606 1773 et
631 1757 731 1774 omnem
755 1750 888 1774 exercitum
914 1757 985 1773 suum
1009 1749 1200 1782 u[n]dequaque
1223 1757 1307 1773 secum
1331 1750 1451 1774 adunauit
1478 1756 1503 1773 et
1529 1750 1672 1782 preparaj'tis
1697 1749 1816 1773 machinis
1835 1754 1860 1773 et
1877 1749 1982 1773 diuersis
1999 1754 2025 1772 et

187 1792 313 1820 inauditiS‚
331 1793 423 1823 oppida
441 1792 473 1816 de
491 1792 589 1816 Chiuon
613 1793 680 1824 oepit
703 1793 855 1824 impugnare.
891 1792 1006 1823 Cumque
1030 1792 1074 1819 illi,
1099 1793 1142 1823 qui
1167 1792 1230 1816 iufra
1247 1793 1329 1816 menia
1345 1793 1349 1824 Ι
1365 1797 1434 1816 eraut
1452 1800 1610 1824 nequaquam
1628 1800 1673 1824 per
1689 1793 1762 1824 longa
1781 1798 1893 1824 tempora
1911 1792 2025 1816 resistere

187 1841 260 1865 posse
277 1834 398 1862 uiderent,
416 1835 535 1866 quioquid
551 1835 696 1858 uictualium
713 1834 841 1858 habebant
857 1843 912 1858 cum
931 1835 1006 1858 armis
1025 1840 1050 1858 et
1067 1836 1137 1866 equis
1155 1835 1206 1866 igni
1219 1835 1228 1865 il
1241 1835 1422 1859 combuxerunt
1439 1841 1464 1858 et
1476 1843 1559 1859 muros
1571 1835 1637 1859 ultro
1649 1843 1723 1866 super
1734 1835 1818 1859 hostes
1830 1839 2023 1866 prostrauerunt,
2039 1843 2064 1863 30

188 1881 214 1899 et
227 1881 346 1900 exeuntes
357 1885 437 1908 usque
448 1877 481 1900 ad
492 1878 578 1901 mortis
591 1877 723 1901 discrimen
734 1877 838 1901 uiriliter
849 1876 1044 1909 dimioeluerunt.
1059 1896 1064 1900 .
1075 1897 1080 1900 .
1092 1892 1132 1900 .—
1146 1878 1155 1907 [Ι
1169 1876 1268 1909 [Anno]
1282 1877 1438 1901 m-Cc-VL
1459 1878 1538 1901 Uenit
1551 1885 1592 1901 rex
1604 1878 1757 1902 Franoomm
1770 1878 1837 1909 apud
1849 1876 1988 1901 Brachesac
1999 1877 2024 1900 in
2038 1885 2063 1905 ³5

187 1919 228 1942 die
245 1920 406 1943 Ascensionis
429 1924 454 1942 et
476 1921 501 1942 in
522 1920 629 1943 crastino
647 1920 763 1944 recedens
781 1925 889 1943 castrum
906 1920 938 1943 de
956 1920 1102 1944 Bra³chesac
1120 1921 1229 1944 subuerti
1248 1921 1365 1952 precepit.
1401 1920 1516 1944 Crastino
1534 1921 1609 1951 igitur
1625 1921 1788 1944 Ascensionis
1806 1920 1847 1943 die
1864 1919 2024 1950 Andegauim

186 1961 297 1989 ueniens,
320 1969 376 1985 cum
400 1969 499 1985 summo
521 1962 616 1985 honore
633 1962 665 1985 ab
680 1961 684 1993 1
700 1962 831 1994 episeopis,
854 1962 996 1990 abbatibus,
1020 1963 1085 1986 clero
1103 1968 1128 1986 et
1145 1962 1239 1994 populo
1257 1963 1398 1994 suscipitur,
1422 1969 1447 1986 et
1464 1963 1499 1986 ibi
1517 1968 1673 1994 pernoctans,
1692 1963 1838 1986 Nannetnm
1857 1963 1974 1993 expetiit:
1999 1962 2025 1985 in

185 2004 256 2027 cuius
282 2004 392 2027 aduentu
415 2005 482 2028 ciues
497 2003 500 2035 Ι
516 2004 678 2035 congratulati
700 2004 782 2028 clau&
805 2005 914 2028 ciuitatis
938 2005 1090 2033 obtulerunt,
1117 2010 1142 2028 et
1166 2012 1220 2028 sese
1241 2005 1294 2028 eius
1312 2005 1425 2028 dominio
1443 2005 1615 2029 subdiderunt.
1651 2006 1765 2029 Audiens
1784 2006 1869 2036 itaque
1887 2012 1927 2028 rex
1947 2005 2024 2027 Fran-

187 2054 280 2074 corum,
295 2046 299 2077 1
315 2046 383 2078 quod
400 2054 443 2070 rex
460 2046 600 2078 Anglorum
619 2047 644 2070 in
662 2047 844 2070 Normanniam
863 2052 1013 2071 transmeare
1031 2048 1182 2079 disponeret,
1201 2048 1242 2071 die
1259 2048 1420 2071 Pentecostes
1439 2056 1454 2070 a
1470 2048 1590 2071 Nanneto
1608 2048 1708 2071 recessit
1725 2052 1750 2071 et
1768 2052 1853 2078 portus
1872 2052 1897 2070 et
1914 2046 2025 2078 oplffpida
2039 2055 2064 2073 40

187 2093 214 2112 et
239 2089 390 2112 munitiones
414 2089 570 2112 Normannie
597 2089 649 2112 acie
676 2089 776 2112 militari
800 2090 958 2120 premuniuit.
994 2090 1073 2113 Porro
1100 2097 1142 2113 rex
1163 2090 1302 2121 Anglorum
1330 2090 1433 2113 oonsilio
1460 2095 1485 2113 et
1511 2090 1630 2113 mandato
1654 2089 1816 2121 uiffcecomitis
1843 2089 1875 2112 de
1892 2090 1974 2112 Toarz
2000 2093 2024 2112 et

187 2132 351 2162 quorumdam
370 2132 491 2155 baronum
512 2132 706 2159 Pictauensium‚
730 2131 797 2162 apud
816 2131 938 2160 Rochele,
956 2132 1086 2155 innumero
1102 2133 1234 2156 comitatus
1253 2133 1370 2160 exercitu,
1388 2132 1517 2164 applilcuit
1535 2138 1559 2155 et
1577 2132 1698 2164 oppidum
1717 2132 1748 2155 de
1766 2132 1832 2156 Borc
1849 2139 1905 2155 cum
1923 2131 2024 2155 ciuitate

186 2174 240 2205 ipsa
267 2174 314 2198 sibi
338 2174 481 2205 snbiugauit
507 2178 532 2197 et
555 2182 600 2205 per
622 2174 730 2198 mediam
749 2174 886 2198 Pictauiam
910 2175 958 2198 iter
982 2175 1109 2206 arripiens,
1133 2183 1189 2198 cum
1213 2175 1245 2198 ad
1268 2174 1300 2198 ad
1316 2175 1319 2205 Ι
1335 2175 1441 2198 fluuium
1460 2175 1569 2206 Ligerim
1593 2175 1755 2206 peruenisset,
1781 2174 1875 2198 nullum
1898 2174 2024 2204 nauigium

188 2216 354 2240 transmeandi
377 2217 480 2240 inuenit.
522 2217 571 2240 Die
595 2217 669 2247 igitur
691 2217 806 2240 mercurii
829 2224 878 2248 que
896 2217 1063 2240 Natiuitatem
1087 2217 1160 2240 beate
1175 2216 1179 2248 1
1196 2218 1276 2241 Marie
1300 2218 1420 2249 processit
1438 2218 1523 2241 divino
1542 2218 1619 2241 fretus
1637 2217 1737 2246 auxili0,
1765 2218 1833 2248 quod
1856 2218 1932 2241 etiam
1957 2218 2025 2241 dictu

186 2258 299 2282 mirabile
317 2263 342 2282 et
360 2259 451 2282 nostris
468 2259 608 2282 inauditum
627 2259 789 2290 temporibus,
807 2259 909 2282 ueniens
927 2259 960 2282 ad
977 2264 1085 2290 portum.

340 2340 403 2373 40.
438 2336 542 2364 Urbin.
560 2336 629 2370 206,
651 2337 794 2373 scriptura
810 2336 946 2369 Gothica,
970 2336 1143 2373 plenissima
1166 2338 1353 2374 compendiis
1368 2338 1450 2374 apud
1466 2338 1662 2375 philosophos
1678 2339 1800 2372 usitatis,
1824 2344 1960 2367 exaratus
1981 2344 2025 2366 est

188 2387 219 2414 in
242 2387 350 2424 Anglia
380 2388 418 2423 (v.
448 2388 466 2414 f.
491 2386 564 2423 306)
595 2396 642 2415 an.
677 2395 753 2424 1253
787 2387 824 2425 (v.
855 2388 884 2415 ff.
913 2391 993 2423 1031,
1017 2387 1112 2424 257V).
1202 2396 1261 2424 317
1280 2391 1313 2424 ><
1330 2396 1392 2416 220
1414 2398 1492 2422 mm,
1523 2389 1553 2416 ff.
1577 2397 1647 2425 371.
1678 2405 1719 2409 —
1752 2389 1895 2417 Continet
1925 2389 2023 2417 ‘libros

188 2438 345 2465 naturales*
363 2438 528 2466 Aristotelis
543 2438 625 2466 iuxta
640 2438 807 2466 versionem
823 2438 1070 2475 graeco-latinam
1085 2439 1241 2476 antiquam
1258 2439 1296 2476 (v.
1314 2440 1348 2466 A.
1362 2439 1541 2477 Jounnarx,
1558 2440 1616 2468 Les
1631 2440 1815 2468 traductions
1831 2440 1993 2468 d’Aristote
2003 2440 2022 2467 ².

190 2489 279 2522 Paris,
314 2488 401 2525 1843,
431 2498 459 2525 p.
483 2488 557 2523 406)
587 2498 656 2518 cum
678 2489 894 2517 commentario
917 2489 944 2517 S.
968 2489 1106 2517 Thomae
1129 2490 1168 2517 de
1191 2490 1322 2527 Aquino.
1368 2490 1414 2518 Cf.
1437 2491 1654 2526 STORNAIOLQ
1678 2491 1775 2519 Codd.
1800 2491 1905 2518 Urbin.
1929 2491 1977 2519 lat.
2001 2491 2024 2524 Ι,

194 2547 267 2576 197;
299 2539 326 2567 S.
350 2539 490 2568 Thomae
513 2541 569 2577 Aq.
601 2539 703 2576 Opera
726 2540 835 2567 omnia.
860 2539 984 2573 Romae,
1014 2540 1047 2568 ΙΙ
1070 2540 1187 2578 (1884),
1220 2550 1247 2578 p.
1271 2542 1325 2569 IX.
1354 2559 1388 2562 —
1414 2541 1450 2569 In
1472 2546 1556 2578 parte
1580 2541 1629 2570 fol.
1654 2549 1702 2577 32,
1726 2550 1816 2578 quam
1840 2541 2024 2574 exhibemus,

188 2591 282 2619 habes
301 2590 496 2627 Physicorum
519 2591 566 2619 lib.
591 2591 646 2626 ΙΙΙ,
669 2584 734 2628 cap.
759 2598 774 2627 7
801 2590 843 2627 (in
867 2591 912 2618 ed.
936 2591 992 2624 cit,
1017 2591 1142 2626 Romae,
1166 2592 1197 2620 II
1221 2592 1328 2630 (1884)
1357 2601 1412 2628 124
1436 2593 1478 2630 5.).
1560 2597 1585 2631 ῚῙ
1604 2601 1650 2623 lin.
1670 2602 1702 2623 6:
1721 2599 1917 2623 Rationabiliter
1934 2599 1972 2630 {id
1987 2604 2025 2623 est

190 2639 279 2671 logice]
299 2639 516 2671 [s]pecu.lan[tibus
535 2647 565 2663 ex
582 2639 727 2664 huiusmodi
741 2640 887 2672 [rationibus
899 2641 1074 2664 communibus
1087 2641 1210 2673 dicendis]
1223 2642 1348 2666 videbitur
1362 2642 1475 2674 [aliquod
1488 2650 1577 2674 corpus
1591 2641 1718 2673 sensibile]
1731 2650 1782 2665 non
1794 2642 1881 2673 utique
1896 2642 2024 2665 infinitum

189 2690 250 2706 esse.
280 2682 307 2706 Si
325 2683 391 2705 enim
407 2681 410 2714 Ι
424 2683 534 2713 corporis
553 2683 616 2706 ratio
634 2682 672 2714 [id
690 2687 728 2706 est
746 2682 878 2714 diffinitio]
898 2687 944 2710 est,
962 2683 1031 2714 quod
1049 2683 1151 2714 planitie
1169 2683 1206 2716 [id
1224 2689 1263 2708 est
1274 2684 1415 2716 superficie]
1429 2685 1620 2708 determinatum
1635 2689 1682 2712 est,
1699 2692 1749 2708 non
1761 2685 1848 2716 utique
1861 2685 1907 2708 erit
1919 2684 1922 2716 Ι
1933 2692 2024 2716 corpus

188 2725 316 2749 infinitum
335 2732 416 2756 neque
440 2724 558 2748 sensibile
582 2724 619 2756 [id
640 2730 678 2748 est
695 2724 830 2756 phisicum]
849 2732 930 2756 neque
951 2725 1106 2756 intelligibile
1125 2726 1163 2758 [id
1181 2731 1219 2750 est
1236 2726 1460 2758 matematicum]¹.
1497 2729 1534 2750 At
1547 2728 1555 2757 {l
1568 2735 1628 2750 uero
1645 2734 1727 2758 neque
1745 2734 1861 2750 numerus
1880 2732 1918 2750 est
1935 2727 1970 2750 sic
1989 2726 2026 2758 [id
2041 2733 2064 2745 1⁰

189 2774 227 2791 ost
244 2767 383 2799 infinitum]
402 2768 465 2791 simt
482 2772 608 2799 seperatus
627 2773 652 2791 et
670 2768 795 2795 infinitus3
814 2767 994 2799 numerabile?
1011 2769 1077 2791 enim
1096 2776 1212 2792 numerus
1230 2775 1268 2792 est
1285 2774 1328 2793 aut
1344 2768 1400 2800 [pro
1413 2769 1449 2800 et]
1462 2769 1557 2793 habens
1569 2776 1699 2792 numerum
1714 2768 1763 2801 [est
1775 2768 1967 2800 pertransibile]
1996 2769 2022 2793 Si

1821 2815 1855 2842 4..
